% Encoding: UTF-8

@Article{Schwartz2001,
  author        = {Schwartz, A. Truman},
  title         = {Transforming Matter: A History of Chemistry from Alchemy to the Buckyball},
  journal       = {Journal of Chemical Education},
  year          = {2001},
  volume        = {78},
  number        = {8},
  pages         = {1023},
  doi           = {10.1021/ed078p1023},
  eprint        = {https://doi.org/10.1021/ed078p1023},
  url           = { 
        https://doi.org/10.1021/ed078p1023
    
},
  __markedentry = {[mvarga:]},
  file          = {:articles/Schwartz2001.pdf:PDF},
  keywords      = {history},
}

@Book{Cobb2002,
  author    = {Cathy Cobb and Harold Goldwhite},
  title     = {Creations Of Fire: Chemistry's Lively History From Alchemy To The Atomic Age},
  year      = {2002},
  publisher = {Perseus Book Group},
  isbn      = {978-0738205946},
  url       = {https://www.amazon.com/Creations-Fire-Chemistrys-History-Alchemy/dp/073820594X?SubscriptionId=AKIAIOBINVZYXZQZ2U3A&tag=chimbori05-20&linkCode=xm2&camp=2025&creative=165953&creativeASIN=073820594X},
  keywords  = {popular science, history},
}

@Book{Brock2016,
  author    = {William H. Brock},
  title     = {The History of Chemistry: A Very Short Introduction},
  year      = {2016},
  publisher = {Oxford University Press},
  isbn      = {978-0198716488},
  url       = {https://www.amazon.com/History-Chemistry-Short-Introduction-Introductions/dp/0198716486?SubscriptionId=AKIAIOBINVZYXZQZ2U3A&tag=chimbori05-20&linkCode=xm2&camp=2025&creative=165953&creativeASIN=0198716486},
  keywords  = {history},
}

@Book{Brock2000,
  author    = {William H. Brock},
  title     = {The Chemical Tree: A History of Chemistry},
  year      = {2000},
  publisher = {W. W. Norton \& Company},
  isbn      = {978-0393320688},
  url       = {https://www.amazon.com/Chemical-Tree-History-Chemistry-Science/dp/0393320685?SubscriptionId=AKIAIOBINVZYXZQZ2U3A&tag=chimbori05-20&linkCode=xm2&camp=2025&creative=165953&creativeASIN=0393320685},
  keywords  = {history},
}

@Book{Kean2011,
  author    = {Sam Kean},
  title     = {The Disappearing Spoon: And Other True Tales of Madness, Love, and the History of the World from the Periodic Table of the Elements},
  year      = {2011},
  publisher = {Back Bay Books},
  isbn      = {978-0316051637},
  url       = {https://www.amazon.com/Disappearing-Spoon-Madness-Periodic-Elements/dp/0316051632?SubscriptionId=AKIAIOBINVZYXZQZ2U3A&tag=chimbori05-20&linkCode=xm2&camp=2025&creative=165953&creativeASIN=0316051632},
  keywords  = {popular science},
}

@Book{Couteur2004,
  author    = {Penny Le Couteur and Jay Burreson},
  title     = {Napoleon's Buttons: How 17 Molecules Changed History},
  year      = {2004},
  publisher = {Jeremy P Tarcher},
  isbn      = {978-1585423316},
  url       = {https://www.amazon.com/Napoleons-Buttons-Molecules-Changed-History/dp/1585423319?SubscriptionId=AKIAIOBINVZYXZQZ2U3A&tag=chimbori05-20&linkCode=xm2&camp=2025&creative=165953&creativeASIN=1585423319},
  keywords  = {popular science},
}

@Book{Miodownik2015,
  author    = {Mark Miodownik},
  title     = {Stuff Matters: Exploring the Marvelous Materials That Shape Our Man-Made World},
  year      = {2015},
  publisher = {Mariner Books},
  isbn      = {978-0544483941},
  url       = {https://www.amazon.com/Stuff-Matters-Exploring-Marvelous-Materials/dp/0544483944?SubscriptionId=AKIAIOBINVZYXZQZ2U3A&tag=chimbori05-20&linkCode=xm2&camp=2025&creative=165953&creativeASIN=0544483944},
  keywords  = {popular science},
}

@Book{Pauling1988,
  author    = {Linus Pauling},
  title     = {General Chemistry},
  year      = {1988},
  publisher = {Dover Publications},
  isbn      = {978-0486656229},
  url       = {https://www.amazon.com/General-Chemistry-Dover-Books/dp/0486656225?SubscriptionId=AKIAIOBINVZYXZQZ2U3A&tag=chimbori05-20&linkCode=xm2&camp=2025&creative=165953&creativeASIN=0486656225},
  keywords  = {textbook, primary source},
}

@Book{Bryson2004,
  author    = {Bill Bryson},
  title     = {A Short History of Nearly Everything},
  year      = {2004},
  publisher = {Broadway Books},
  isbn      = {978-0767908184},
  url       = {https://www.amazon.com/Short-History-Nearly-Everything/dp/076790818X?SubscriptionId=AKIAIOBINVZYXZQZ2U3A&tag=chimbori05-20&linkCode=xm2&camp=2025&creative=165953&creativeASIN=076790818X},
  keywords  = {popular science},
}

@Book{Hager2008,
  author    = {Thomas Hager},
  title     = {The Alchemy of Air: A Jewish Genius, a Doomed Tycoon, and the Scientific Discovery That Fed the World but Fueled the Rise of Hitler},
  year      = {2008},
  publisher = {Crown},
  isbn      = {978-0307351784},
  url       = {https://www.amazon.com/Alchemy-Air-Jewish-Scientific-Discovery/dp/0307351785?SubscriptionId=AKIAIOBINVZYXZQZ2U3A&tag=chimbori05-20&linkCode=xm2&camp=2025&creative=165953&creativeASIN=0307351785},
  keywords  = {popular science},
}

@Book{Watson1969,
  author    = {James D. Watson},
  title     = {The Double Helix},
  year      = {1969},
  publisher = {Signet},
  isbn      = {978-0451037701},
  url       = {https://www.amazon.com/Double-Helix-James-D-Watson/dp/0451037707?SubscriptionId=AKIAIOBINVZYXZQZ2U3A&tag=chimbori05-20&linkCode=xm2&camp=2025&creative=165953&creativeASIN=0451037707},
  keywords  = {primary source},
}

@Book{2016,
  title     = {A Dictionary of Chemistry (Oxford Quick Reference)},
  year      = {2016},
  publisher = {Oxford University Press},
  isbn      = {978-0198722823},
  url       = {https://www.amazon.com/Dictionary-Chemistry-Oxford-Quick-Reference/dp/0198722826?SubscriptionId=AKIAIOBINVZYXZQZ2U3A&tag=chimbori05-20&linkCode=xm2&camp=2025&creative=165953&creativeASIN=0198722826},
  keywords  = {reference},
}

@Book{Boyle2009,
  author    = {Robert Boyle},
  title     = {The Sceptical Chymist},
  year      = {2009},
  publisher = {ValdeBooks},
  isbn      = {978-1444458558},
  url       = {https://www.amazon.com/Sceptical-Chymist-Robert-Boyle/dp/1444458558?SubscriptionId=AKIAIOBINVZYXZQZ2U3A&tag=chimbori05-20&linkCode=xm2&camp=2025&creative=165953&creativeASIN=1444458558},
  keywords  = {primary source},
}

@Book{Lavoisier1965,
  author    = {Antoine Laurent Lavoisier},
  title     = {Elements of chemistry, in a new systematic order,: Containing all the modern discoveries},
  year      = {1965},
  publisher = {Dover Publications},
  isbn      = {978-0486646244},
  url       = {https://www.amazon.com/Elements-chemistry-new-systematic-order/dp/B0007DTF1A?SubscriptionId=AKIAIOBINVZYXZQZ2U3A&tag=chimbori05-20&linkCode=xm2&camp=2025&creative=165953&creativeASIN=B0007DTF1A},
  keywords  = {primary source},
}

@Book{Kuhn2012,
  author    = {Thomas S. Kuhn},
  title     = {The Structure of Scientific Revolutions},
  year      = {2012},
  publisher = {University of Chicago Press},
  isbn      = {978-0226458120},
  url       = {https://www.amazon.com/Structure-Scientific-Revolutions-50th-Anniversary/dp/0226458121?SubscriptionId=AKIAIOBINVZYXZQZ2U3A&tag=chimbori05-20&linkCode=xm2&camp=2025&creative=165953&creativeASIN=0226458121},
  keywords  = {philosophy of science},
}

@Book{Lane2016,
  author    = {Nick Lane},
  title     = {Oxygen: The molecule that made the world},
  year      = {2016},
  publisher = {Oxford University Press},
  isbn      = {978-0198784937},
  url       = {https://www.amazon.com/Oxygen-molecule-Oxford-Landmark-Science/dp/0198784937?SubscriptionId=AKIAIOBINVZYXZQZ2U3A&tag=chimbori05-20&linkCode=xm2&camp=2025&creative=165953&creativeASIN=0198784937},
  keywords  = {popular science},
}

@Comment{jabref-meta: databaseType:biblatex;}

@Comment{jabref-meta: fileDirectory:/Users/mvarga/Google Drive/history_of_chemistry_book/refs;}
