% Encoding: UTF-8

@Book{Alberts2008,
  title     = {Molecular Biology of the Cell},
  publisher = {Taylor \& Francis Ltd.},
  year      = {2008},
  author    = {Alberts, Bruce and Johnson, Alexander and Walter, Peter and Lewis, Julian and Raff, Martin},
  edition   = {8th},
  isbn      = {978-0-8153-4432-2},
  comment   = {biochem/},
  date      = {2014-12-11},
  ean       = {9780815344322},
  file      = {:Textbooks/biochem/albert_molecular_biology_of_the_cell.pdf:PDF},
  keywords  = {biochem},
  pagetotal = {1392},
  url       = {http://www.ebook.de/de/product/22733161/bruce_alberts_alexander_johnson_peter_walter_julian_lewis_martin_raff_molecular_biology_of_the_cell.html},
}

@Book{Higgs2004,
  title     = {Bioinformatics and Molecular Evolution},
  publisher = {Wiley-Blackwell},
  year      = {2004},
  author    = {Higgs, Paul G.},
  isbn      = {9781405106832},
  date      = {2004-12-11},
  ean       = {9781405106832},
  file      = {:Textbooks/bioinformatics/higgs_bioinfo.pdf:PDF},
  groups    = {Bioinformatics},
  keywords  = {biochem},
  timestamp = {2019-01-25},
  url       = {http://www.ebook.de/de/product/4275659/paul_g_higgs_bioinformatics_and_molecular_evolution.html},
}

@Book{Leach2007,
  title     = {An Introduction to Chemoinformatics},
  publisher = {Springer-Verlag GmbH},
  year      = {2007},
  author    = {Leach, Andrew R. and Gillet, Valerie J.},
  isbn      = {978-1-4020-6290-2},
  date      = {2007-09-11},
  ean       = {9781402062902},
  file      = {:Textbooks/biochem/leach_intro_chemoinformatics.pdf:PDF},
  keywords  = {biochem},
  url       = {http://www.ebook.de/de/product/6675925/andrew_r_leach_valerie_j_gillet_an_introduction_to_chemoinformatics.html},
}

@Book{Koolman2004,
  title     = {Color Atlas of Biochemistry (Flexibooks)},
  publisher = {TFL},
  author    = {Jan Koolman and K. RÃ¶hm},
  isbn      = {1-58890-247-1},
  date      = {2004},
  file      = {:Textbooks/biochem/koolman_color_atlas_of_biochemistry.pdf:PDF},
  keywords  = {biochem},
  url       = {https://www.amazon.com/Color-Atlas-Biochemistry-Flexibooks-Koolman-ebook/dp/B005NA3XEC?SubscriptionId=0JYN1NVW651KCA56C102&tag=techkie-20&linkCode=xm2&camp=2025&creative=165953&creativeASIN=B005NA3XEC},
}

@Book{Creighton1999,
  title     = {Encyclopedia of Molecular Biology, 4 Volume Set},
  publisher = {JOHN WILEY \& SONS INC},
  year      = {1999},
  author    = {Creighton, Thomas},
  isbn      = {0-471-15302-8},
  date      = {1999-04-11},
  ean       = {9780471153023},
  file      = {:Textbooks/biochem/creighton_encyclopedia_mol_biol.pdf:PDF},
  keywords  = {biochem},
  pagetotal = {2898},
  url       = {http://www.ebook.de/de/product/8044724/encyclopedia_of_molecular_biology_4_volume_set.html},
}

@Book{Begley2008,
  title     = {Wiley Encyclopedia of Chemical Biology, 4 Volume Set},
  publisher = {JOHN WILEY \& SONS INC},
  year      = {2008},
  author    = {Begley, Tadhg P.},
  isbn      = {9780471754770},
  comment   = {biochem/},
  date      = {2008-12-11},
  ean       = {9780471754770},
  file      = {:Textbooks/biochem/begley_encyclopedia_chemical_biology.pdf:PDF},
  keywords  = {biochem},
  pagetotal = {3204},
  url       = {http://www.ebook.de/de/product/7749012/tadhg_p_begley_wiley_encyclopedia_of_chemical_biology_4_volume_set.html},
}

@Book{Frey2006,
  title     = {Enzymatic Reaction Mechanisms},
  publisher = {OXFORD UNIV PR},
  year      = {2006},
  author    = {Frey, Perry A. and Hegeman, Adrian D.},
  isbn      = {0195122585},
  date      = {2006-10-11},
  ean       = {9780195122589},
  file      = {:Textbooks/biochem/frey_enzymatic_reaction_mechanisms.pdf:PDF},
  keywords  = {biochem},
  pagetotal = {831},
  url       = {http://www.ebook.de/de/product/5503474/perry_a_frey_adrian_d_hegeman_enzymatic_reaction_mechanisms.html},
}

@Book{Fersht1998,
  title     = {Structure and Mechanism in Protein Science: A Guide to Enzyme Catalysis and Protein Folding},
  publisher = {W. H. Freeman},
  author    = {Alan Fersht},
  isbn      = {978-0716732686},
  date      = {1998},
  file      = {:Textbooks/biochem/fersht_struct_mech_proteins.pdf:PDF},
  keywords  = {biochem},
  url       = {https://www.amazon.com/Structure-Mechanism-Protein-Science-Catalysis/dp/0716732688?SubscriptionId=0JYN1NVW651KCA56C102&tag=techkie-20&linkCode=xm2&camp=2025&creative=165953&creativeASIN=0716732688},
}

@Book{Frauenfelder2010,
  title     = {The Physics of Proteins},
  publisher = {Springer},
  year      = {2010},
  author    = {Frauenfelder, Hans},
  isbn      = {1441910433},
  date      = {2010-06-10},
  ean       = {9781441910431},
  file      = {:Textbooks/biochem/frauenfelder_physics_of_proteins.pdf:PDF},
  keywords  = {biochem},
  pagetotal = {464},
  url       = {http://www.ebook.de/de/product/8597822/hans_frauenfelder_the_physics_of_proteins.html},
}

@Book{Hammes2015,
  title     = {Physical Chemistry for the Biological Sciences},
  publisher = {JOHN WILEY \& SONS INC},
  year      = {2015},
  author    = {Hammes, Gordon G. and Hammes-Schiffer, Sharon},
  isbn      = {1118859006},
  date      = {2015-04-20},
  ean       = {9781118859001},
  file      = {:Textbooks/biochem/hschiffer_physchem_biol_sciences.pdf:PDF},
  keywords  = {biochem},
  pagetotal = {504},
  url       = {http://www.ebook.de/de/product/23150367/gordon_g_hammes_sharon_hammes_schiffer_physical_chemistry_for_the_biological_sciences.html},
}

@Book{Klebe2013,
  title     = {Drug Design},
  publisher = {Springer-Verlag GmbH},
  year      = {2013},
  author    = {Klebe, Gerhard},
  isbn      = {3642179061},
  date      = {2013-07-10},
  ean       = {9783642179068},
  file      = {:Textbooks/biochem/klebe_drug_design.pdf:PDF},
  keywords  = {biochem},
  url       = {http://www.ebook.de/de/product/13753521/gerhard_klebe_drug_design.html},
}

@Book{Nelson2012,
  title     = {Lehninger Principles of Biochemistry},
  publisher = {WORTH PUBL INC},
  year      = {2012},
  author    = {Nelson, David L. and Cox, Michael M.},
  isbn      = {1429234148},
  date      = {2012-11-21},
  ean       = {9781429234146},
  file      = {:Textbooks/biochem/lehninger_biochem.pdf:PDF},
  keywords  = {biochem},
  pagetotal = {1340},
  url       = {http://www.ebook.de/de/product/19376827/david_l_nelson_michael_m_cox_lehninger_principles_of_biochemistry.html},
}

@Book{Lodish2007,
  title     = {Molecular Cell Biology},
  publisher = {W. H. Freeman},
  author    = {Harvey Lodish and Arnold Berk and Chris A. Kaiser and Monty Krieger and Matthew P. Scott and Anthony Bretscher and Hidde Ploegh and Paul Matsudaira},
  isbn      = {978-0716776017},
  date      = {2007},
  file      = {:Textbooks/biochem/lodish_molecular_cell_biology.pdf:PDF},
  keywords  = {biochem},
  url       = {https://www.amazon.com/Molecular-Cell-Biology-Harvey-Lodish/dp/0716776014?SubscriptionId=0JYN1NVW651KCA56C102&tag=techkie-20&linkCode=xm2&camp=2025&creative=165953&creativeASIN=0716776014},
}

@Book{Miller2008,
  title     = {Essentials of Chemical Biology},
  publisher = {John Wiley \& Sons},
  year      = {2008},
  author    = {Miller, Andre and Tanner, Julian},
  isbn      = {0470845309},
  date      = {2008-07-29},
  ean       = {9780470845301},
  file      = {:Textbooks/biochem/miller-tanner_essenitals_of_chemical_biology.pdf:PDF},
  keywords  = {biochem},
  pagetotal = {592},
  url       = {http://www.ebook.de/de/product/7746391/miller_essentials_of_chemical_biology.html},
}

@Book{Petsko2003,
  title     = {Protein Structure and Function},
  publisher = {WileyBlackwell},
  author    = {Gregory Petsko},
  isbn      = {1-4051-1922-5},
  date      = {2003},
  file      = {:Textbooks/biochem/petsko_protein_structure_and_function.pdf:PDF},
  keywords  = {biochem},
  url       = {https://www.amazon.com/Protein-Structure-Function-Gregory-Petsko/dp/1405119225?SubscriptionId=0JYN1NVW651KCA56C102&tag=techkie-20&linkCode=xm2&camp=2025&creative=165953&creativeASIN=1405119225},
}

@Book{Pevsner2009,
  title     = {Bioinformatics and Functional Genomics},
  publisher = {Wiley-Blackwell},
  author    = {Jonathan Pevsner},
  isbn      = {978-0-470-08585-1},
  date      = {2009},
  file      = {:Textbooks/bioinformatics/pevsner_bioinformatics.pdf:PDF},
  groups    = {Bioinformatics},
  keywords  = {biochem},
  timestamp = {2019-01-25},
  url       = {https://www.amazon.com/Bioinformatics-Functional-Genomics-Jonathan-Pevsner/dp/0470085851?SubscriptionId=0JYN1NVW651KCA56C102&tag=techkie-20&linkCode=xm2&camp=2025&creative=165953&creativeASIN=0470085851},
}

@Book{Phillips2012,
  title     = {Physical Biology of the Cell},
  publisher = {Taylor \& Francis Ltd.},
  year      = {2012},
  author    = {Phillips, Rob and Kondev, Jane and Theriot, Julie and Garcia, Hernan},
  isbn      = {0815344503},
  date      = {2012-11-11},
  ean       = {9780815344506},
  file      = {:Textbooks/biochem/phillips_physical_biology_of_the_cell.pdf:PDF},
  keywords  = {biochem},
  pagetotal = {1000},
  url       = {http://www.ebook.de/de/product/19268087/rob_phillips_jane_kondev_julie_theriot_hernan_garcia_physical_biology_of_the_cell.html},
}

@Book{Finkelstein2002,
  title     = {Protein Physics},
  publisher = {Elsevier Science Publishing Co Inc},
  year      = {2002},
  author    = {Finkelstein, Alexi V. and Ptitysn, Oleg},
  isbn      = {0122567811},
  date      = {2002-05-07},
  ean       = {9780122567810},
  file      = {:Textbooks/biochem/finkelstein_protein_physics.pdf:PDF},
  keywords  = {biochem},
  pagetotal = {354},
  url       = {http://www.ebook.de/de/product/3261986/alexei_v_institute_of_protein_research_russian_academy_of_sciences_moscow_russia_finkelstein_protein_physics.html},
}

@Book{Patthy2008,
  title     = {Protein Evolution},
  publisher = {BLACKWELL PUBL},
  year      = {2008},
  author    = {Patthy, Laszlo},
  isbn      = {1405151668},
  date      = {2008-01-11},
  ean       = {9781405151665},
  file      = {:Textbooks/biochem/patthy_protevo.pdf:PDF},
  keywords  = {biochem},
  pagetotal = {374},
  url       = {http://www.ebook.de/de/product/6588726/laszlo_patthy_protein_evolution.html},
}

@Book{Holde2005,
  title     = {Principles of Physical Biochemistry (2nd Edition)},
  publisher = {Prentice Hall},
  author    = {Kensal E van Holde and Curtis Johnson and Pui Shing Ho},
  isbn      = {0-13-046427-9},
  date      = {2005},
  file      = {:Textbooks/biochem/vanholde_principles_physbiochem.pdf:PDF},
  keywords  = {biochem},
  url       = {https://www.amazon.com/Principles-Physical-Biochemistry-Kensal-Holde/dp/0130464279?SubscriptionId=0JYN1NVW651KCA56C102&tag=techkie-20&linkCode=xm2&camp=2025&creative=165953&creativeASIN=0130464279},
}

@Book{Voet2010,
  title     = {Biochemistry},
  publisher = {John Wiley and Sons Ltd},
  year      = {2010},
  author    = {Voet, Donald and Voet, Judith G.},
  isbn      = {0470570954},
  date      = {2010-11-22},
  ean       = {9780470570951},
  file      = {:Textbooks/biochem/voet_biochem.pdf:PDF},
  keywords  = {biochem},
  pagetotal = {1520},
  url       = {http://www.ebook.de/de/product/11405973/donald_voet_judith_g_voet_biochemistry.html},
}

@Book{Young2009,
  author    = {Young, David C.},
  title     = {Computational Drug Design},
  year      = {2009},
  date      = {2009-02-01},
  editora   = {cu},
  publisher = {John Wiley \& Sons, Ltd.},
  isbn      = {047012685X},
  pagetotal = {346},
  url       = {http://www.ebook.de/de/product/8101708/david_c_young_computational_drug_design.html},
  ean       = {9780470126851},
  file      = {:Textbooks/biochem/young_drug_design.pdf:PDF},
  keywords  = {biochem},
}

@Book{Zuckerman2010,
  title     = {Statistical Physics of Biomolecules: An Introduction},
  publisher = {CRC Press},
  author    = {Daniel M. Zuckerman},
  isbn      = {978-1-4200-7379-9},
  date      = {2010},
  file      = {:Textbooks/physics/biophys/zuckerman_stat_mech_biomol.pdf:PDF},
  keywords  = {biochem},
  url       = {https://www.amazon.com/Statistical-Physics-Biomolecules-Daniel-Zuckerman-ebook/dp/B005H6YEBI?SubscriptionId=0JYN1NVW651KCA56C102&tag=techkie-20&linkCode=xm2&camp=2025&creative=165953&creativeASIN=B005H6YEBI},
}

@Book{Brooks1988,
  author    = {Charles L. Brooks and Martin Karplus and B. Montgomery Pettitt},
  title     = {Proteins: A Theoretical Perspective of Dynamics, Structure, and Thermodynamics},
  date      = {1988},
  publisher = {Wiley-Interscience},
  isbn      = {0-471-62801-8},
  url       = {https://www.amazon.com/Proteins-Theoretical-Perspective-Structure-Thermodynamics/dp/0471628018?SubscriptionId=0JYN1NVW651KCA56C102&tag=techkie-20&linkCode=xm2&camp=2025&creative=165953&creativeASIN=0471628018},
  comment   = {biochem/},
  file      = {:Textbooks/biochem/brooks_proteins_dyna_struct_thermo.pdf:PDF},
  keywords  = {biochem, comp chem},
}

@Book{Becker2001,
  title     = {Computational Biochemistry and Biophysics},
  publisher = {CRC Press},
  author    = {Becker, Oren and MacKarrell, Alexander D. and Roux, Benoit and Watanabe, Masakatsu},
  isbn      = {0-8247-0455-X},
  comment   = {chem/compchem/},
  date      = {2001},
  file      = {:Textbooks/chem/compchem/becker_comp_biochem.pdf:PDF},
  keywords  = {biochem, comp chem},
  url       = {https://www.amazon.com/Computational-Biochemistry-Biophysics-Oren-Becker/dp/082470455X?SubscriptionId=0JYN1NVW651KCA56C102&tag=techkie-20&linkCode=xm2&camp=2025&creative=165953&creativeASIN=082470455X},
}

@Book{Becker2005,
  title     = {Guide to Biomolecular Simulations},
  publisher = {Springer-Verlag GmbH},
  year      = {2005},
  author    = {Becker, Oren M. and Karplus, Martin},
  isbn      = {1402035861},
  comment   = {chem/compchem/},
  date      = {2005-12-08},
  ean       = {9781402035869},
  file      = {:Textbooks/chem/compchem/becker_biomol_simulations.pdf:PDF},
  keywords  = {comp chem},
  url       = {http://www.ebook.de/de/product/5307877/oren_m_becker_martin_karplus_guide_to_biomolecular_simulations.html},
}

@Book{Cramer2004,
  title     = {Essentials of Computational Chemistry: Theories and Models},
  publisher = {Wiley},
  author    = {Christopher J. Cramer},
  isbn      = {0-470-09181-9},
  date      = {2004},
  file      = {:Textbooks/chem/compchem/cramer_computational_chemistry.pdf:PDF},
  keywords  = {comp chem},
  url       = {https://www.amazon.com/Essentials-Computational-Chemistry-Theories-Models/dp/0470091819?SubscriptionId=0JYN1NVW651KCA56C102&tag=techkie-20&linkCode=xm2&camp=2025&creative=165953&creativeASIN=0470091819},
}

@Book{Chipot2007,
  title     = {Free Energy Calculations: Theory and Applications in Chemistry and Biology},
  publisher = {Springer},
  year      = {2007},
  editor    = {Christophe Chipot and Andrew Pohorille},
  isbn      = {3540384472},
  date      = {2007-01-08},
  ean       = {9783540384472},
  file      = {:Textbooks/chem/compchem/chipot_free_energy_in_chem_bio.pdf:PDF},
  keywords  = {comp chem, stat mech, thermo},
  pagetotal = {536},
  url       = {http://www.ebook.de/de/product/5852644/free_energy_calculations.html},
}

@Book{Frenkel2001,
  title     = {Understanding Molecular Simulation},
  publisher = {Elsevier LTD, Oxford},
  year      = {2001},
  author    = {Frenkel, Daan and Smit, Berend},
  isbn      = {0122673514},
  date      = {2001-10-11},
  ean       = {9780122673511},
  file      = {:Textbooks/chem/compchem/frenkel_molecular_simulations.pdf:PDF},
  keywords  = {comp chem},
  pagetotal = {664},
  url       = {http://www.ebook.de/de/product/4256976/daan_frenkel_berend_smit_understanding_molecular_simulation.html},
}

@Book{Foresman1996,
  title     = {Exploring Chemistry With Electronic Structure Methods: A Guide to Using Gaussian},
  publisher = {Gaussian},
  author    = {James B. Foresman and AEleen Frisch},
  isbn      = {978-0963676931},
  date      = {1996},
  file      = {:Textbooks/chem/compchem/foresman_frisch_electronic_structure.pdf:PDF},
  keywords  = {comp chem},
  url       = {https://www.amazon.com/Exploring-Chemistry-Electronic-Structure-Methods/dp/0963676938?SubscriptionId=0JYN1NVW651KCA56C102&tag=techkie-20&linkCode=xm2&camp=2025&creative=165953&creativeASIN=0963676938},
}

@Book{Hinchliffe2008,
  title     = {Molecular Modelling for Beginners},
  publisher = {JOHN WILEY \& SONS INC},
  year      = {2008},
  author    = {Hinchliffe, Alan},
  isbn      = {0470513136},
  date      = {2008-12-11},
  ean       = {9780470513132},
  file      = {:Textbooks/chem/compchem/hinchliffe_molecular_modelling.pdf:PDF},
  keywords  = {comp chem},
  pagetotal = {411},
  url       = {http://www.ebook.de/de/product/8475629/alan_hinchliffe_molecular_modelling_for_beginners.html},
}

@Book{Jensen2006,
  title     = {Introduction to Computational Chemistry},
  publisher = {Wiley},
  author    = {Frank Jensen},
  isbn      = {978-0-470-01186-7},
  date      = {2006},
  file      = {:Textbooks/chem/compchem/jensen_computational_chemistry.pdf:PDF},
  keywords  = {comp chem},
  url       = {https://www.amazon.com/Introduction-Computational-Chemistry-Frank-Jensen/dp/0470011866?SubscriptionId=0JYN1NVW651KCA56C102&tag=techkie-20&linkCode=xm2&camp=2025&creative=165953&creativeASIN=0470011866},
}

@Other{Krauth2006,
  author    = {Krauth, Werner.},
  title     = {Statistical mechanics : algorithms and computations},
  database  = {/z-wcorg/},
  date      = {2006},
  file      = {:Textbooks/chem/compchem/krauth_stat_mech_algorithms.pdf:PDF},
  issn      = {9781429459501 1429459506 9780191523328 0191523321},
  keywords  = {comp chem, stat mech},
  language  = {English},
  location  = {Oxford},
  publisher = {Oxford University Press},
  refid     = {122336173},
  url       = {http://public.eblib.com/choice/publicfullrecord.aspx?p=431021},
}

@Book{Leach2001,
  title     = {Molecular Modelling},
  publisher = {Prentice Hall},
  year      = {2001},
  author    = {Leach, Andrew R.},
  isbn      = {0582382106},
  date      = {2001-01-30},
  ean       = {9780582382107},
  file      = {:Textbooks/chem/compchem/leach_molecular_modelling.pdf:PDF},
  keywords  = {comp chem},
  pagetotal = {768},
  url       = {http://www.ebook.de/de/product/3246977/andrew_r_leach_molecular_modelling.html},
}

@Book{Bowman2014,
  title     = {An Introduction to Markov State Models and Their Application to Long Timescale Molecular Simulation},
  year      = {2014},
  date      = {2014-01-11},
  editor    = {Gregory R. Bowman and Vijay S. Pande and Frank NoÃ©},
  publisher = {Springer-Verlag GmbH},
  isbn      = {9400776055},
  url       = {http://www.ebook.de/de/product/21065290/an_introduction_to_markov_state_models_and_their_application_to_long_timescale_molecular_simulation.html},
  comment   = {chem/compchem/},
  ean       = {9789400776050},
  file      = {:Textbooks/chem/compchem/bowman_pande_noe_markov_models.pdf:PDF},
  keywords  = {comp chem, stat mech},
}

@Book{Marx2009,
  title     = {Ab Initio Molecular Dynamics},
  publisher = {CAMBRIDGE UNIVERSITY PRESS},
  year      = {2009},
  author    = {Marx, Dominik},
  isbn      = {0521898633},
  date      = {2009-04-11},
  ean       = {9780521898638},
  file      = {:Textbooks/chem/compchem/marx_ab_initio_md.pdf:PDF},
  keywords  = {comp chem},
  url       = {http://www.ebook.de/de/product/7780142/dominik_marx_ab_initio_molecular_dynamics.html},
}

@Book{Schlick2010,
  title     = {Molecular Modeling and Simulation: An Interdisciplinary Guide},
  publisher = {Springer-Verlag GmbH},
  year      = {2010},
  author    = {Schlick, Tamar},
  isbn      = {1441963502},
  date      = {2010-08-11},
  ean       = {9781441963505},
  file      = {:Textbooks/chem/compchem/schlick_molecular_modeling.pdf:PDF},
  keywords  = {comp chem},
  url       = {http://www.ebook.de/de/product/10586820/tamar_schlick_molecular_modeling_and_simulation_an_interdisciplinary_guide.html},
}

@Book{Young2001,
  title     = {Computational Chemistry},
  publisher = {John Wiley \& Sons},
  year      = {2001},
  author    = {Young},
  isbn      = {0471333689},
  date      = {2001-02-21},
  ean       = {9780471333685},
  file      = {:Textbooks/chem/compchem/young_comp_chem.pdf:PDF},
  keywords  = {comp chem},
  pagetotal = {408},
  url       = {http://www.ebook.de/de/product/3601721/young_computational_chemistry_c.html},
}

@Book{Atkins2011,
  title     = {Physical Chemistry for the Life Sciences, 2nd Edition},
  publisher = {W. H. Freeman},
  author    = {Peter Atkins and Julio de Paula},
  isbn      = {978-1-4292-3114-5},
  comment   = {chem/physchem/},
  date      = {2011},
  file      = {:Textbooks/chem/physchem/atkins_physical_chemistry_lifesci.pdf:PDF},
  keywords  = {phys chem},
  url       = {https://www.amazon.com/Physical-Chemistry-Life-Sciences-2nd/dp/1429231149?SubscriptionId=0JYN1NVW651KCA56C102&tag=techkie-20&linkCode=xm2&camp=2025&creative=165953&creativeASIN=1429231149},
}

@Book{Atkins2009,
  title     = {Physical Chemistry, 9th Edition},
  publisher = {W. H. Freeman},
  author    = {Peter Atkins and Julio de Paula},
  isbn      = {978-1-429-21812-2},
  comment   = {chem/physchem/},
  date      = {2009},
  file      = {:Textbooks/chem/physchem/atkins_physical_chemistry.pdf:PDF},
  keywords  = {phys chem},
  url       = {https://www.amazon.com/Physical-Chemistry-9th-Peter-Atkins/dp/1429218126?SubscriptionId=0JYN1NVW651KCA56C102&tag=techkie-20&linkCode=xm2&camp=2025&creative=165953&creativeASIN=1429218126},
}

@Book{Atkins2005,
  title     = {Molecular Quantum Mechanics},
  publisher = {Oxford University Press},
  author    = {Peter Atkins and Ronald Friedman},
  isbn      = {0--19--927498--3},
  comment   = {chem/physchem/},
  date      = {2005},
  file      = {:Textbooks/chem/physchem/atkins_quantum.pdf:PDF},
  keywords  = {phys chem},
  url       = {https://www.amazon.com/Molecular-Quantum-Mechanics-Peter-Atkins/dp/0199274983?SubscriptionId=0JYN1NVW651KCA56C102&tag=techkie-20&linkCode=xm2&camp=2025&creative=165953&creativeASIN=0199274983},
}

@Book{Bachmann2014,
  title     = {Thermodynamics and Statistical Mechanics of Macromolecular Systems},
  publisher = {Cambridge University Press},
  year      = {2014},
  author    = {Bachmann, Michael},
  isbn      = {1107014476},
  comment   = {physics/biophys/},
  date      = {2014-04-24},
  ean       = {9781107014473},
  file      = {:Textbooks/physics/biophys/bachmann_thermo_statmech.pdf:PDF},
  keywords  = {phys chem, stat mech, thermo},
  pagetotal = {354},
  url       = {http://www.ebook.de/de/product/21770277/michael_university_of_georgia_bachmann_thermodynamics_and_statistical_mechanics_of_macromolecular_systems.html},
}

@Book{Jones2002,
  title     = {Soft Condensed Matter},
  publisher = {Oxford University Press},
  year      = {2002},
  author    = {Jones, Richard A. L.},
  isbn      = {0198505892},
  date      = {2002-06-11},
  ean       = {9780198505891},
  file      = {:Textbooks/chem/physchem/jones_soft_condensed_matter.pdf:PDF},
  keywords  = {phys chem},
  pagetotal = {206},
  url       = {http://www.ebook.de/de/product/3249306/richard_a_l_jones_soft_condensed_matter.html},
}

@Book{Levine2013,
  title     = {Quantum Chemistry},
  publisher = {PRENTICE HALL},
  year      = {2013},
  author    = {Levine, Ira N.},
  isbn      = {0321803450},
  date      = {2013-02-16},
  ean       = {9780321803450},
  file      = {:Textbooks/chem/physchem/levine_quantum_chemistry.pdf:PDF},
  keywords  = {phys chem, quant phys},
  pagetotal = {700},
  url       = {http://www.ebook.de/de/product/19829402/ira_n_levine_quantum_chemistry.html},
}

@Book{Levine2009,
  title     = {Molecular Reaction Dynamics},
  publisher = {CAMBRIDGE UNIV PR},
  year      = {2009},
  author    = {Levine, Raphael D.},
  isbn      = {0521140714},
  date      = {2009-08-11},
  ean       = {9780521140713},
  file      = {:Textbooks/chem/physchem/levine_rxn_dyna.pdf:PDF},
  keywords  = {phys chem},
  pagetotal = {570},
  url       = {http://www.ebook.de/de/product/8629654/raphael_d_levine_molecular_reaction_dynamics.html},
}

@Book{McQuarrie1999,
  title     = {Molecular Thermodynamics},
  publisher = {UNIV SCIENCE BOOKS},
  year      = {1999},
  author    = {McQuarrie, Donald and Simon, John},
  isbn      = {189138905X},
  date      = {1999-01-11},
  ean       = {9781891389054},
  file      = {:Textbooks/physics/statmech/mcquarrie_molecular_thermodynamics.pdf:PDF},
  keywords  = {phys chem, thermo},
  pagetotal = {672},
  url       = {http://www.ebook.de/de/product/3758716/john_simon_donald_mcquarrie_molecular_thermodynamics.html},
}

@Book{McQuarrie1997,
  title     = {Physical Chemistry},
  publisher = {University Science Books,U.S.},
  year      = {1997},
  author    = {McQuarrie, Donald A. and Simon, John D.},
  isbn      = {0935702997},
  date      = {1997-01-01},
  ean       = {9780935702996},
  file      = {:Textbooks/chem/physchem/mcquarrie_physical_chemistry.pdf:PDF},
  keywords  = {phys chem},
  pagetotal = {1270},
  url       = {http://www.ebook.de/de/product/3742863/donald_a_mcquarrie_john_d_simon_physical_chemistry.html},
}

@Book{McQuarrie2007,
  title     = {Quantum Chemistry},
  publisher = {Macmillan Education},
  year      = {2007},
  author    = {McQuarrie, Donald A.},
  isbn      = {1891389505},
  date      = {2007-10-11},
  ean       = {9781891389504},
  file      = {:Textbooks/chem/physchem/mcquarrie_quantum_chemistry.pdf:PDF},
  keywords  = {phys chem, quant phys},
  pagetotal = {572},
  url       = {http://www.ebook.de/de/product/6846217/donald_a_mcquarrie_quantum_chemistry.html},
}

@Book{Henriksen2012,
  title     = {Theories of Molecular Reaction Dynamics},
  publisher = {Oxford University Press},
  year      = {2012},
  author    = {Henriksen, Niels E. and Hansen, Flemming Y.},
  isbn      = {0199652759},
  date      = {2012-04-26},
  ean       = {9780199652754},
  file      = {:Textbooks/chem/physchem/henriksen_hansen_rxn_dyna.pdf:PDF},
  keywords  = {phys chem},
  pagetotal = {392},
  url       = {http://www.ebook.de/de/product/19014230/niels_e_department_of_chemistry_technical_university_of_denmark_lyngby_henriksen_flemming_y_department_of_chemistry_technical_university_of_denmark_lyngby_hansen_theories_of_molecular_reaction_dynamics.html},
}

@Book{Nitzan2013,
  title     = {Chemical Dynamics in Condensed Phases},
  publisher = {Oxford University Press},
  year      = {2013},
  author    = {Nitzan, Abraham},
  isbn      = {0199686688},
  date      = {2013-11-21},
  ean       = {9780199686681},
  file      = {:Textbooks/chem/physchem/nitzan_condensed_chem_dyna.pdf:PDF},
  keywords  = {phys chem},
  pagetotal = {744},
  url       = {http://www.ebook.de/de/product/21045393/abraham_professor_of_chemistry_department_of_chemistry_tel_aviv_university_nitzan_chemical_dynamics_in_condensed_phases.html},
}

@Book{Scherer2010,
  title     = {Theoretical Molecular Biophysics},
  publisher = {Springer-Verlag GmbH},
  year      = {2010},
  author    = {Scherer, Philipp and Fischer, Sighart F.},
  isbn      = {3540856099},
  date      = {2010-07-15},
  ean       = {9783540856092},
  file      = {:Textbooks/physics/biophys/scherer_fischer_theor_biophys.pdf:PDF},
  keywords  = {phys chem, biochem},
  url       = {http://www.ebook.de/de/product/7703917/philipp_scherer_sighart_f_fischer_theoretical_molecular_biophysics.html},
}

@Book{Baym1973,
  title     = {Lectures on quantum mechanics},
  publisher = {W. A. Benjamin},
  author    = {Gordon Baym},
  isbn      = {0-805-30664-1},
  comment   = {physics/quantmech/},
  date      = {1973},
  file      = {:Textbooks/physics/quantmech/baym-lectures_on_quantum_mechanics.pdf:PDF},
  keywords  = {quant phys},
  url       = {https://www.amazon.com/Lectures-quantum-mechanics-Lecture-supplements/dp/0805306641?SubscriptionId=0JYN1NVW651KCA56C102&tag=techkie-20&linkCode=xm2&camp=2025&creative=165953&creativeASIN=0805306641},
}

@Book{Cohen-Tannoudji1991,
  title     = {Quantum Mechanics, Volume 1},
  publisher = {JOHN WILEY \& SONS INC},
  year      = {1991},
  author    = {Cohen-Tannoudji, Claude and Diu, Bernard and Laloe, Frank},
  isbn      = {047116433X},
  date      = {1991-01-11},
  ean       = {9780471164333},
  file      = {:Textbooks/physics/quantmech/cohen-tannoudji-1.pdf:PDF},
  keywords  = {quant phys},
  pagetotal = {914},
  url       = {http://www.ebook.de/de/product/3236937/claude_cohen_tannoudji_bernard_diu_frank_laloe_quantum_mechanics_volume_1.html},
}

@Book{Cohen-Tannoudji1991a,
  title     = {Quantum Mechanics, Volume 2},
  publisher = {JOHN WILEY \& SONS INC},
  year      = {1991},
  author    = {Cohen-Tannoudji, Claude and Diu, Bernard and Laloe, Frank},
  isbn      = {0471164356},
  date      = {1991-01-11},
  ean       = {9780471164357},
  file      = {:Textbooks/physics/quantmech/cohen-tannoudji-2.pdf:PDF},
  keywords  = {quant phys},
  pagetotal = {640},
  url       = {http://www.ebook.de/de/product/3623611/claude_cohen_tannoudji_bernard_diu_frank_laloe_quantum_mechanics_volume_2.html},
}

@Book{Davydov2013,
  title     = {Quantum Mechanics: International Series in Natural Philosophy (Monographs in Natural Philosophy)},
  publisher = {Pergamon},
  author    = {A. S. Davydov},
  isbn      = {9780080204383},
  date      = {2013},
  file      = {:Textbooks/physics/quantmech/davydov_quantum.pdf:PDF},
  keywords  = {quant phys},
  url       = {https://www.amazon.com/Quantum-Mechanics-International-Philosophy-Monographs-ebook/dp/B01DKJO8NW?SubscriptionId=0JYN1NVW651KCA56C102&tag=techkie-20&linkCode=xm2&camp=2025&creative=165953&creativeASIN=B01DKJO8NW},
}

@Book{Feynman2010,
  title     = {Quantam Mechanics and Path Integrals},
  publisher = {Dover Publications Inc.},
  year      = {2010},
  author    = {Feynman, Richard P. and Hibbs, A. R.},
  isbn      = {0486477223},
  date      = {2010-07-21},
  ean       = {9780486477220},
  file      = {:Textbooks/physics/quantmech/feynman_hibbs.pdf:PDF},
  keywords  = {quant phys, stat mech},
  pagetotal = {384},
  url       = {http://www.ebook.de/de/product/10046673/richard_p_feynman_a_r_hibbs_quantam_mechanics_and_path_integrals.html},
}

@Book{Mahan2009,
  title     = {Quantum Mechanics in a Nutshell},
  publisher = {Princeton University Press},
  year      = {2009},
  author    = {Mahan, Gerald D.},
  isbn      = {0691137137},
  date      = {2009-01-18},
  ean       = {9780691137131},
  file      = {:Textbooks/physics/quantmech/mahan_qm.pdf:PDF},
  keywords  = {quant phys},
  pagetotal = {416},
  url       = {http://www.ebook.de/de/product/8051264/gerald_d_mahan_quantum_mechanics_in_a_nutshell.html},
}

@Book{Messiah1981,
  title     = {Quantum Mechanics : Volume I},
  publisher = {North Holland},
  author    = {Albert Messiah and G. M. Temmer},
  isbn      = {9780720400441},
  date      = {1981},
  file      = {:Textbooks/physics/quantmech/messiah_vol1.pdf:PDF},
  keywords  = {quant phys},
  url       = {https://www.amazon.com/Quantum-Mechanics-I-Albert-Messiah/dp/0720400449?SubscriptionId=0JYN1NVW651KCA56C102&tag=techkie-20&linkCode=xm2&camp=2025&creative=165953&creativeASIN=0720400449},
}

@Book{Messiah1963,
  title     = {Quantum Mechanics: Volume 2},
  publisher = {Halsted Pr},
  author    = {Albert Messiah and G.M. Temmer},
  isbn      = {9780471597681},
  date      = {1963},
  file      = {:Textbooks/physics/quantmech/messiah_vol2.pdf:PDF},
  keywords  = {quant phys},
  url       = {https://www.amazon.com/Quantum-Mechanics-Vol-Albert-Messiah/dp/0471597686?SubscriptionId=0JYN1NVW651KCA56C102&tag=techkie-20&linkCode=xm2&camp=2025&creative=165953&creativeASIN=0471597686},
}

@Book{Sakurai2010,
  title     = {Modern Quantum Mechanics (2nd Edition)},
  publisher = {Pearson},
  author    = {J. J. Sakurai and Jim J. Napolitano},
  isbn      = {978-0-8053-8291-4},
  date      = {2010},
  file      = {:Textbooks/physics/quantmech/sakurai_modern_quantum_mechanics.pdf:PDF},
  keywords  = {quant phys},
  url       = {https://www.amazon.com/Modern-Quantum-Mechanics-2nd-Sakurai/dp/0805382917?SubscriptionId=0JYN1NVW651KCA56C102&tag=techkie-20&linkCode=xm2&camp=2025&creative=165953&creativeASIN=0805382917},
}

@Book{Schiff1968,
  title     = {Quantum Mechanics},
  publisher = {McGraw-Hill},
  author    = {Schiff, L I},
  isbn      = {9780070856431},
  date      = {1968},
  file      = {:Textbooks/physics/quantmech/schiff-quantum_mechanics.pdf:PDF},
  keywords  = {quant phys},
  url       = {https://www.amazon.com/Quantum-Mechanics-Schiff-L-I/dp/0070856435?SubscriptionId=0JYN1NVW651KCA56C102&tag=techkie-20&linkCode=xm2&camp=2025&creative=165953&creativeASIN=0070856435},
}

@Book{Shankar2011,
  title     = {Principles of Quantum Mechanics},
  publisher = {SPRINGER VERLAG GMBH},
  year      = {2011},
  author    = {Shankar, R.},
  isbn      = {0306447908},
  date      = {2011-03-16},
  ean       = {9780306447907},
  file      = {:Textbooks/physics/quantmech/shankar-quantum_mechanics.pdf:PDF},
  keywords  = {quant phys},
  pagetotal = {676},
  url       = {http://www.ebook.de/de/product/3641894/r_shankar_principles_of_quantum_mechanics.html},
}

@Book{Walecka2000,
  title     = {Fundamentals of Statistical Mechanics: Manuscript and Notes of Felix Bloch},
  publisher = {SINGAPORE UNIV PR},
  year      = {2000},
  author    = {Walecka, John Dirk},
  isbn      = {9810244193},
  date      = {2000-11-11},
  ean       = {9789810244194},
  file      = {:Textbooks/physics/statmech/walecka_bloch_stat_mech.pdf:PDF},
  keywords  = {stat mech},
  pagetotal = {316},
  url       = {http://www.ebook.de/de/product/3656727/john_dirk_walecka_fundamentals_of_statistical_mechanics_manuscript_and_notes_of_felix_bloch.html},
}

@Book{Callen1985,
  author    = {Herbert B. Callen},
  title     = {Thermodynamics and an Introduction to Thermostatistics},
  year      = {1985},
  date      = {1985-08-29},
  publisher = {John Wiley \& Sons},
  isbn      = {0471862568},
  pagetotal = {512},
  url       = {http://www.ebook.de/de/product/3635768/herbert_b_callen_callen_thermodynamics_and_an_introduction_to_thermostatistics.html},
  comment   = {phys/statmech/},
  ean       = {9780471862567},
  file      = {:Textbooks/physics/statmech/callen_thermodynamics.pdf:PDF},
  keywords  = {stat mech, thermo},
}

@Book{Chandler1987,
  author    = {Chandler, David},
  title     = {Introduction to Modern Statistical Mechanics},
  year      = {1987},
  date      = {1987-09-11},
  publisher = {Oxford University Press},
  isbn      = {0195042778},
  pagetotal = {288},
  url       = {http://www.ebook.de/de/product/3237540/david_chandler_intro_to_modern_statistical_me.html},
  comment   = {physics/statmech/},
  ean       = {9780195042771},
  file      = {:Textbooks/physics/statmech/chandler-statistical_mechanics.pdf:PDF;:Textbooks/physics/statmech/chandler_sol.pdf:PDF},
  keywords  = {stat mech},
}

@Book{Dill2010,
  title     = {Molecular Driving Forces: Statistical Thermodynamics in Biology, Chemistry, Physics, and Nanoscience},
  publisher = {Taylor \& Francis Inc},
  year      = {2010},
  author    = {Dill, Ken and Bromberg, Sarina},
  isbn      = {0815344309},
  date      = {2010-10-21},
  ean       = {9780815344308},
  file      = {:Textbooks/physics/statmech/dill-statistical_thermodynamics.pdf:PDF},
  keywords  = {stat mech},
  pagetotal = {784},
  url       = {http://www.ebook.de/de/product/11825891/ken_dill_sarina_bromberg_molecular_driving_forces.html},
}

@Book{Risken1989,
  title     = {The Fokker-Planck Equation: Methods of Solution and Applications (Springer Series in Synergetics)},
  publisher = {Springer-Verlag},
  author    = {H. Risken},
  isbn      = {0-387-50498-2},
  date      = {1989},
  file      = {:Textbooks/physics/statmech/risken_fokker_planck.pdf:PDF},
  keywords  = {stat mech},
  url       = {https://www.amazon.com/Fokker-Planck-Equation-Solution-Applications-Synergetics/dp/0387504982?SubscriptionId=0JYN1NVW651KCA56C102&tag=techkie-20&linkCode=xm2&camp=2025&creative=165953&creativeASIN=0387504982},
}

@Book{Greiner2001,
  title     = {Thermodynamics and Statistical Mechanics},
  publisher = {Springer},
  year      = {2001},
  author    = {Greiner, Walter and Neise, Ludwig and StÃ¶cker, Horst},
  isbn      = {0387942998},
  date      = {2001-11-14},
  ean       = {9780387942995},
  file      = {:Textbooks/physics/statmech/greiner_statistical_physics.pdf:PDF},
  keywords  = {stat mech, thermo},
  pagetotal = {480},
  url       = {http://www.ebook.de/de/product/1321342/walter_greiner_ludwig_neise_horst_stoecker_thermodynamics_and_statistical_mechanics.html},
}

@Book{Huang1987,
  title     = {Statistical Mechanics},
  publisher = {John Wiley \& Sons},
  year      = {1987},
  author    = {Kerson Huang},
  isbn      = {0471815187},
  date      = {1987-04-29},
  ean       = {9780471815181},
  file      = {:Textbooks/physics/statmech/huang-statistical_mechanics.pdf:PDF},
  keywords  = {stat mech},
  pagetotal = {508},
  url       = {http://www.ebook.de/de/product/4283637/kerson_huang_huang_statistical_mechanics.html},
}

@Book{Kadanoff2000,
  title     = {Statistical Physics},
  publisher = {World Scientific Publishing Company},
  year      = {2000},
  author    = {Kadanoff, Leo P.},
  isbn      = {9810237588},
  date      = {2000-05-05},
  ean       = {9789810237585},
  file      = {:Textbooks/physics/statmech/kadanoff-statistical_physics.pdf:PDF},
  keywords  = {stat mech},
  pagetotal = {500},
  url       = {http://www.ebook.de/de/product/3754147/leo_p_kadanoff_statistical_physics.html},
}

@Book{Jansen2012,
  title     = {An Introduction to Kinetic Monte Carlo Simulations of Surface Reactions},
  publisher = {Springer-Verlag GmbH},
  year      = {2012},
  author    = {Jansen, A. P. J.},
  isbn      = {3642294871},
  date      = {2012-06-07},
  ean       = {9783642294877},
  file      = {:Textbooks/physics/statmech/jansen_kinetic_mc.pdf:PDF},
  keywords  = {stat mech, comp chem},
  url       = {http://www.ebook.de/de/product/18736539/a_p_j_jansen_an_introduction_to_kinetic_monte_carlo_simulations_of_surface_reactions.html},
}

@Book{Kubo1990,
  title     = {Statistical Mechanics: An Advanced Course with Problems and Solutions},
  publisher = {ELSEVIER NEW YORK},
  year      = {1990},
  author    = {Kubo, R. and Ichimura, H. and Usui, T.},
  isbn      = {0444871039},
  date      = {1990-05-11},
  ean       = {9780444871039},
  file      = {:Textbooks/physics/statmech/kubo_stat_mech.pdf:PDF},
  keywords  = {stat mech},
  pagetotal = {425},
  url       = {http://www.ebook.de/de/product/4643330/r_kubo_h_ichimura_t_usui_statistical_mechanics_an_advanced_course_with_problems_and_solutions.html},
}

@Book{Landau2014,
  title     = {A Guide to Monte Carlo Simulations in Statistical Physics},
  publisher = {Cambridge University Press},
  year      = {2014},
  author    = {Landau, David P. and Binder, Kurt},
  isbn      = {1107074029},
  date      = {2014-11-13},
  ean       = {9781107074026},
  file      = {:Textbooks/physics/statmech/landau_binder_monte_carlo.pdf:PDF},
  keywords  = {stat mech, comp chem},
  pagetotal = {538},
  url       = {http://www.ebook.de/de/product/22587527/david_p_university_of_georgia_landau_kurt_johannes_gutenberg_universitat_mainz_germany_binder_a_guide_to_monte_carlo_simulations_in_statistical_physics.html},
}

@Book{Chaikin1995,
  author    = {P. M. Chaikin and T. C. Lubensky},
  title     = {Principles of Condensed Matter Physics},
  date      = {1995},
  publisher = {Cambridge University Press},
  isbn      = {0521432243},
  url       = {https://www.amazon.com/Principles-Condensed-Matter-Physics-Chaikin/dp/0521432243?SubscriptionId=0JYN1NVW651KCA56C102&tag=techkie-20&linkCode=xm2&camp=2025&creative=165953&creativeASIN=0521432243},
  comment   = {physics/statmech/},
  file      = {:Textbooks/physics/statmech/chaikin_lubensky_condensed_matter.pdf:PDF},
  keywords  = {stat mech},
}

@Book{Mahan2010,
  title     = {Condensed Matter in a Nutshell},
  publisher = {Princeton Univers. Press},
  year      = {2010},
  author    = {Mahan, Gerald D.},
  isbn      = {0691140162},
  date      = {2010-11-11},
  ean       = {9780691140162},
  file      = {:Textbooks/physics/statmech/mahan_condensed_matter.pdf:PDF},
  keywords  = {stat mech},
  url       = {http://www.ebook.de/de/product/11878911/gerald_d_mahan_condensed_matter_in_a_nutshell.html},
}

@Book{Marder2010,
  title     = {Condensed Matter Physics},
  publisher = {John Wiley and Sons Ltd},
  year      = {2010},
  author    = {Marder, Michael P.},
  isbn      = {0470617985},
  date      = {2010-11-09},
  ean       = {9780470617984},
  file      = {:Textbooks/physics/statmech/marder_condensed_matter.pdf:PDF},
  keywords  = {stat mech},
  pagetotal = {984},
  url       = {http://www.ebook.de/de/product/10847838/michael_p_marder_condensed_matter_physics.html},
}

@Book{McQuarrie2000,
  title     = {Statistical Mechanics},
  publisher = {UNIV SCIENCE BOOKS},
  year      = {2000},
  author    = {McQuarrie, Donald A.},
  isbn      = {1891389157},
  date      = {2000-02-11},
  ean       = {9781891389153},
  file      = {:Textbooks/physics/statmech/mcquarrie_stat_mech.pdf:PDF},
  keywords  = {stat mech},
  pagetotal = {641},
  url       = {http://www.ebook.de/de/product/3764298/donald_a_mcquarrie_statistical_mechanics.html},
}

@Book{Newman1999,
  title     = {Monte Carlo Methods in Statistical Physics},
  publisher = {OXFORD UNIV PR},
  year      = {1999},
  author    = {Newman, Mark and Newman, Mark and Barkema, G. T.},
  isbn      = {0198517971},
  date      = {1999-04-11},
  ean       = {9780198517979},
  file      = {:Textbooks/physics/statmech/newman_barkema-monte.carlo.pdf:PDF},
  keywords  = {stat mech, comp chem},
  pagetotal = {496},
  url       = {http://www.ebook.de/de/product/3242765/mark_newman_mark_newman_g_t_barkema_monte_carlo_methods_in_statistical_physics.html},
}

@Book{Pathria2012,
  title     = {Statistical Mechanics},
  publisher = {Elsevier LTD, Oxford},
  year      = {2012},
  author    = {Pathria, R. K. and Beale, Paul D.},
  isbn      = {0123821886},
  date      = {2012-02-11},
  ean       = {9780123821881},
  file      = {:Textbooks/physics/statmech/pathria_stat_mech.pdf:PDF},
  keywords  = {stat mech},
  url       = {http://www.ebook.de/de/product/13420561/r_k_pathria_paul_d_beale_statistical_mechanics.html},
}

@Book{Peliti2011,
  title     = {Statistical Mechanics in a Nutshell},
  publisher = {University Press Group Ltd},
  year      = {2011},
  author    = {Peliti, Luca},
  isbn      = {0691145296},
  date      = {2011-08-11},
  ean       = {9780691145297},
  file      = {:Textbooks/physics/statmech/peliti_stat_mech.pdf:PDF},
  keywords  = {stat mech},
  url       = {http://www.ebook.de/de/product/15359852/luca_peliti_statistical_mechanics_in_a_nutshell.html},
}

@Book{Bergersen2006,
  title     = {Equilibrium Satistical Physics},
  publisher = {WORLD SCIENTIFIC PUB CO INC},
  year      = {2006},
  author    = {Bergersen, Birger and Plischke, Michael},
  isbn      = {9812560483},
  comment   = {physics/statmech/},
  date      = {2006-06-11},
  ean       = {9789812560483},
  file      = {:Textbooks/physics/statmech/bergersen_plischke_equil_stat_mech.pdf:PDF},
  keywords  = {stat mech},
  pagetotal = {620},
  url       = {http://www.ebook.de/de/product/4354156/birger_bergersen_michael_plischke_equilibrium_satistical_physics.html},
}

@Book{Reichl2016,
  title     = {A Modern Course in Statistical Physics},
  publisher = {Wiley VCH Verlag GmbH},
  year      = {2016},
  author    = {Reichl, Linda E.},
  isbn      = {3527413499},
  date      = {2016-04-20},
  ean       = {9783527413492},
  file      = {:Textbooks/physics/statmech/reichl-stat_phys_4th_ed.pdf:PDF},
  keywords  = {stat mech},
  pagetotal = {467},
  url       = {http://www.ebook.de/de/product/25192580/linda_e_reichl_a_modern_course_in_statistical_physics.html},
}

@Book{Sethna2006,
  title     = {Statistical Mechanics: Entropy, Order Parameters and Complexity (Oxford Master Series in Physics)},
  publisher = {Oxford University Press},
  author    = {James P. Sethna},
  isbn      = {0-19-856676-X},
  date      = {2006},
  file      = {:Textbooks/physics/statmech/sethna-statistical_physics.pdf:PDF},
  keywords  = {stat mech},
  url       = {https://www.amazon.com/Statistical-Mechanics-Entropy-Parameters-Complexity/dp/019856676X?SubscriptionId=0JYN1NVW651KCA56C102&tag=techkie-20&linkCode=xm2&camp=2025&creative=165953&creativeASIN=019856676X},
}

@Book{Toda1983,
  title     = {Statistical Physics I: Equilibrium Statistical Mechanics (Springer Series in Solid-State Sciences)},
  publisher = {Springer-Verlag},
  author    = {Morikazu Toda and Ryogo Kubo and Nobohiku Saito},
  isbn      = {0387114602},
  date      = {1983},
  file      = {:Textbooks/physics/statmech/toda_kubo-vol1.pdf:PDF},
  keywords  = {stat mech},
  url       = {https://www.amazon.com/Statistical-Physics-Equilibrium-Mechanics-Solid-State/dp/0387114602?SubscriptionId=0JYN1NVW651KCA56C102&tag=techkie-20&linkCode=xm2&camp=2025&creative=165953&creativeASIN=0387114602},
}

@Book{Toda1985,
  title     = {Statistical Physics II: Nonequilibrium Statistical Mechanics (Springer Series in Solid-State Sciences)},
  publisher = {Springer-Verlag},
  author    = {Morikazu Toda and Ryogo Kubo and Natsuki Hashitsume},
  isbn      = {0387114610},
  date      = {1985},
  file      = {:Textbooks/physics/statmech/toda_kubo-vol2.pdf:PDF},
  keywords  = {stat mech},
  url       = {https://www.amazon.com/Statistical-Physics-Nonequilibrium-Mechanics-Solid-State/dp/0387114610?SubscriptionId=0JYN1NVW651KCA56C102&tag=techkie-20&linkCode=xm2&camp=2025&creative=165953&creativeASIN=0387114610},
}

@Book{Tuckerman2010,
  title     = {Statistical Mechanics: Theory and Molecular Simulation},
  publisher = {OXFORD UNIV PR},
  year      = {2010},
  author    = {Tuckerman, Mark},
  isbn      = {0198525265},
  date      = {2010-04-11},
  ean       = {9780198525264},
  file      = {:Textbooks/physics/statmech/tuckerman-sm.pdf:PDF},
  keywords  = {stat mech, comp chem},
  pagetotal = {696},
  url       = {http://www.ebook.de/de/product/7279742/mark_tuckerman_statistical_mechanics_theory_and_molecular_simulation.html},
}

@Book{Kampen2007,
  title     = {Stochastic Processes in Physics and Chemistry},
  publisher = {Elsevier LTD, Oxford},
  year      = {2007},
  author    = {N.G. van Kampen},
  isbn      = {0444529659},
  date      = {2007-03-11},
  ean       = {9780444529657},
  file      = {:Textbooks/physics/statmech/van_kampen-stochastic_processes.pdf:PDF},
  keywords  = {stat mech},
  pagetotal = {464},
  url       = {http://www.ebook.de/de/product/6071989/n_g_van_kampen_stochastic_processes_in_physics_and_chemistry.html},
}

@Book{Weiss2008,
  title     = {Quantum Dissipative Systems},
  publisher = {World Scientific Publishing Company},
  year      = {2008},
  author    = {Weiss, Ulrich},
  isbn      = {9812791620},
  date      = {2008-03-04},
  ean       = {9789812791627},
  file      = {:Textbooks/physics/statmech/weiss_quant_diss_sys.pdf:PDF},
  keywords  = {stat mech, quant phys},
  pagetotal = {526},
  url       = {http://www.ebook.de/de/product/7191616/ulrich_weiss_quantum_dissipative_systems.html},
}

@Book{Zwanzig2001,
  title     = {Nonequilibrium Statistical Mechanics},
  publisher = {OXFORD UNIV PR},
  year      = {2001},
  author    = {Zwanzig, Robert},
  isbn      = {0195140184},
  date      = {2001-04-11},
  ean       = {9780195140187},
  file      = {:Textbooks/physics/statmech/zwanzig-nonequilibrium_statistical_mechanics.pdf:PDF},
  keywords  = {stat mech},
  pagetotal = {240},
  url       = {http://www.ebook.de/de/product/3256673/robert_zwanzig_nonequilibrium_statistical_mechanics.html},
}

@Book{Richard2011,
  author    = {Burden, Richard L. and Faires, J. Douglas},
  title     = {Numerical Analysis},
  year      = {2011},
  edition   = {9th},
  publisher = {Brooks/Cole CENGAGE Learning},
  comment   = {math/},
  file      = {:Textbooks/math/burden_faires_num_analysis.pdf:PDF},
  keywords  = {math},
}

@Book{Cheney2008,
  author    = {Cheney, Ward and Kincaid, David},
  title     = {Numerical Mathematics and Computing},
  year      = {2008},
  edition   = {6th},
  publisher = {Thomson Brooks/Cole},
  comment   = {math/},
  file      = {:Textbooks/math/cheney_kincaid_num_math_comput.pdf:PDF},
  keywords  = {math},
}

@Book{Friedberg2002,
  title     = {Linear Algebra},
  publisher = {PRENTICE HALL},
  year      = {2002},
  author    = {Friedberg, Stephen H. and Insel, Arnold J. and Spence, Lawrence E.},
  isbn      = {0130084514},
  date      = {2002-11-11},
  ean       = {9780130084514},
  file      = {:Textbooks/math/friedberg_insel_spence_linear_algebra.pdf:PDF},
  keywords  = {math},
  pagetotal = {601},
  url       = {http://www.ebook.de/de/product/3798445/stephen_h_friedberg_arnold_j_insel_lawrence_e_spence_linear_algebra.html},
}

@Book{Jaynes2003,
  title     = {Probability Theory: The Logic of Science},
  publisher = {Cambridge University Press},
  year      = {2003},
  author    = {E. T. Jaynes},
  isbn      = {0521592712},
  file      = {:Textbooks/math/stats/bayes/jaynes_prob_theory.pdf:PDF},
  keywords  = {math},
  url       = {https://www.amazon.com/Probability-Theory-Science-T-Jaynes/dp/0521592712?SubscriptionId=0JYN1NVW651KCA56C102&tag=techkie-20&linkCode=xm2&camp=2025&creative=165953&creativeASIN=0521592712},
}

@Book{Kesavan2011,
  title     = {Nonlinear Functional Analysis: A First Course (Texts and Readings in Mathematics)},
  publisher = {Hindustan Book Agency},
  year      = {2011},
  author    = {S. Kesavan},
  isbn      = {938025010X},
  file      = {:Textbooks/math/kesavan_nonlinear_funct_analysis.pdf:PDF},
  keywords  = {math},
  url       = {https://www.amazon.com/Nonlinear-Functional-Analysis-Readings-Mathematics/dp/938025010X?SubscriptionId=0JYN1NVW651KCA56C102&tag=techkie-20&linkCode=xm2&camp=2025&creative=165953&creativeASIN=938025010X},
}

@Book{Strang2009,
  title     = {Introduction to Linear Algebra},
  publisher = {Wellesley-Cambridge Press},
  year      = {2009},
  author    = {Strang, Gilbert},
  edition   = {4th},
  file      = {:Textbooks/math/strang_linear_algebra.pdf:PDF},
  keywords  = {math},
}

@Book{Luckey2008,
  title     = {Membrane Structural Biology: With Biochemical and Biophysical Foundations},
  publisher = {Cambridge University Press},
  year      = {2008},
  author    = {Mary Luckey},
  isbn      = {978-0-521-85655-3},
  file      = {:Textbooks/biochem/luckey_membrane_biol.pdf:PDF},
  keywords  = {biochem},
  timestamp = {2018-03-16},
  url       = {https://www.amazon.com/Membrane-Structural-Biology-Biochemical-Biophysical/dp/0521856558?SubscriptionId=0JYN1NVW651KCA56C102&tag=techkie-20&linkCode=xm2&camp=2025&creative=165953&creativeASIN=0521856558},
}

@Book{Baldi2001,
  title     = {Bioinformatics: The Machine Learning Approach, Second Edition (Adaptive Computation and Machine Learning)},
  publisher = {A Bradford Book},
  year      = {2001},
  author    = {Pierre Baldi and SÃ¸ren Brunak},
  isbn      = {0-262-02506-X},
  comment   = {biochem/bioinfo/},
  file      = {:Textbooks/bioinformatics/baldi_brunak_bioinform_mach_learn.pdf:PDF},
  groups    = {Bioinformatics},
  timestamp = {2019-01-25},
  url       = {https://www.amazon.com/Bioinformatics-Learning-Approach-Adaptive-Computation/dp/026202506X?SubscriptionId=0JYN1NVW651KCA56C102&tag=techkie-20&linkCode=xm2&camp=2025&creative=165953&creativeASIN=026202506X},
}

@Book{Ewens2001,
  title     = {Statistical Methods in Bioinformatics},
  publisher = {Springer New York},
  year      = {2001},
  author    = {Warren J. Ewens and Gregory R. Grant},
  doi       = {10.1007/978-1-4757-3247-4},
  file      = {:Textbooks/bioinformatics/ewens_grant_stats_bioinfo.pdf:PDF},
  groups    = {Bioinformatics},
  timestamp = {2019-01-25},
}

@Book{Gusfield1997,
  title     = {Algorithms on Strings, Trees and Sequences: Computer Science and Computational Biology},
  publisher = {Cambridge University Press},
  year      = {1997},
  author    = {Dan Gusfield},
  isbn      = {978-0521585194},
  file      = {:Textbooks/biochem/bioinfo/gusfield_algos_compsci_compbio.pdf:PDF},
  groups    = {Bioinformatics},
  timestamp = {2019-01-25},
  url       = {https://www.amazon.com/Algorithms-Strings-Trees-Sequences-Computational-ebook/dp/B00AKE1UZU?SubscriptionId=0JYN1NVW651KCA56C102&tag=techkie-20&linkCode=xm2&camp=2025&creative=165953&creativeASIN=B00AKE1UZU},
}

@Book{Jones2004,
  title     = {An Introduction to Bioinformatics Algorithms (Computational Molecular Biology)},
  publisher = {The MIT Press},
  year      = {2004},
  author    = {Neil C. Jones and Pavel A. Pevzner},
  isbn      = {978-0262101066},
  file      = {:Textbooks/bioinformatics/jones_pevzner_intro_bioinfo_algos.pdf:PDF},
  groups    = {Bioinformatics},
  timestamp = {2019-01-25},
  url       = {https://www.amazon.com/Introduction-Bioinformatics-Algorithms-Computational-Molecular/dp/0262101068?SubscriptionId=0JYN1NVW651KCA56C102&tag=techkie-20&linkCode=xm2&camp=2025&creative=165953&creativeASIN=0262101068},
}

@Book{Pevzner2000,
  title     = {Computational Molecular Biology: An Algorithmic Approach},
  publisher = {MIT Press},
  year      = {2000},
  author    = {Pevzner, Pavel},
  isbn      = {0-262-16197-4},
  file      = {:Textbooks/bioinformatics/pevzner_comp_mol_biol_algos.pdf:PDF},
  groups    = {Bioinformatics},
  timestamp = {2019-02-21},
  url       = {https://www.amazon.com/Computational-Molecular-Biology-Algorithmic-Approach/dp/B008XZYTLK?SubscriptionId=0JYN1NVW651KCA56C102&tag=techkie-20&linkCode=xm2&camp=2025&creative=165953&creativeASIN=B008XZYTLK},
}

@Book{Houston2006,
  title     = {Chemical Kinetics and Reaction Dynamics (Dover Books on Chemistry)},
  publisher = {Dover Publications},
  year      = {2006},
  author    = {Paul L. Houston},
  isbn      = {978-0-486-45334-7},
  file      = {:Textbooks/chem/physchem/houston_chem_kin.pdf:PDF},
  timestamp = {2018-03-16},
  url       = {https://www.amazon.com/Chemical-Kinetics-Reaction-Dynamics-Chemistry/dp/0486453340?SubscriptionId=0JYN1NVW651KCA56C102&tag=techkie-20&linkCode=xm2&camp=2025&creative=165953&creativeASIN=0486453340},
}

@Book{Hopcroft2006,
  title     = {Introduction to Automata Theory, Languages, and Computation (3rd Edition)},
  publisher = {Pearson},
  year      = {2006},
  author    = {John E. Hopcroft and Rajeev Motwani and Jeffrey D. Ullman},
  isbn      = {0-321-45536-3},
  file      = {:Textbooks/computing/hopcraft_ulman_intro_automata_3rd_ed.pdf:PDF},
  groups    = {Computing},
  timestamp = {2018-03-16},
  url       = {https://www.amazon.com/Introduction-Automata-Theory-Languages-Computation/dp/0321455363?SubscriptionId=0JYN1NVW651KCA56C102&tag=techkie-20&linkCode=xm2&camp=2025&creative=165953&creativeASIN=0321455363},
}

@Book{Hennessy2011,
  title     = {Computer Architecture: A Quantitative Approach},
  publisher = {Morgan Kaufmann},
  year      = {2011},
  author    = {John L. Hennessy and David A. Patterson},
  edition   = {5th},
  isbn      = {978-0123838728},
  file      = {:Textbooks/computing/hennessy_patterson_comp_arch_5th.pdf:PDF},
  groups    = {Computing},
  timestamp = {2018-03-16},
  url       = {https://www.amazon.com/Computer-Architecture-Quantitative-John-Hennessy/dp/012383872X?SubscriptionId=0JYN1NVW651KCA56C102&tag=techkie-20&linkCode=xm2&camp=2025&creative=165953&creativeASIN=012383872X},
}

@Book{Arora2009,
  title     = {Computational Complexity: A Modern Approach},
  publisher = {Cambridge University Press},
  year      = {2009},
  author    = {Sanjeev Arora and Boaz Barak},
  isbn      = {978-0-521-42426-4},
  comment   = {computing/},
  file      = {:Textbooks/computing/arora_barak_comp_complex.pdf:PDF},
  groups    = {Computing},
  timestamp = {2018-03-16},
  url       = {https://www.amazon.com/Computational-Complexity-Approach-Sanjeev-Arora-ebook/dp/B009019SN0?SubscriptionId=0JYN1NVW651KCA56C102&tag=techkie-20&linkCode=xm2&camp=2025&creative=165953&creativeASIN=B009019SN0},
}

@Book{Boyce2000,
  author    = {Boyce and Richard C. DiPrima},
  title     = {Elementary Differential Equations and Boundary Value Problems},
  year      = {2000},
  publisher = {Wiley},
  isbn      = {0-471-31999-6},
  url       = {https://www.amazon.com/Elementary-Differential-Equations-Boundary-Problems/dp/0471319996?SubscriptionId=0JYN1NVW651KCA56C102&tag=techkie-20&linkCode=xm2&camp=2025&creative=165953&creativeASIN=0471319996},
  comment   = {math/},
  file      = {:Textbooks/math/boyce_diprima_elem_ode.pdf:PDF},
  keywords  = {math},
  timestamp = {2018-03-16},
}

@Book{Duffy2001,
  title     = {Green's Functions with Applications},
  publisher = {Chapman and Hall/CRC},
  year      = {2001},
  author    = {Dean G. Duffy},
  isbn      = {1-58488-110-0},
  file      = {:Textbooks/math/duffy_greens_applications.pdf:PDF},
  keywords  = {math},
  timestamp = {2018-03-16},
  url       = {https://www.amazon.com/Greens-Functions-Applications-Dean-Duffy/dp/1584881100?SubscriptionId=0JYN1NVW651KCA56C102&tag=techkie-20&linkCode=xm2&camp=2025&creative=165953&creativeASIN=1584881100},
}

@Book{Folland1995,
  title     = {Introduction to Partial Differential Equations. Second Edition},
  publisher = {Princeton University Press},
  year      = {1995},
  author    = {Gerald B. Folland},
  isbn      = {0691043612},
  file      = {:Textbooks/math/folland_intro_pde_2nd.pdf:PDF},
  timestamp = {2018-03-16},
  url       = {https://www.amazon.com/Introduction-Partial-Differential-Equations-Second/dp/0691043612?SubscriptionId=0JYN1NVW651KCA56C102&tag=techkie-20&linkCode=xm2&camp=2025&creative=165953&creativeASIN=0691043612},
}

@Book{Graham1994,
  author    = {Ronald L. Graham and Donald E. Knuth and Oren Patashnik},
  title     = {Concrete Mathematics: A Foundation for Computer Science},
  year      = {1994},
  edition   = {2nd},
  publisher = {Addison-Wesley Professional},
  isbn      = {0-201-55802-5},
  url       = {https://www.amazon.com/Concrete-Mathematics-Foundation-Computer-Science/dp/0201558025?SubscriptionId=0JYN1NVW651KCA56C102&tag=techkie-20&linkCode=xm2&camp=2025&creative=165953&creativeASIN=0201558025},
  file      = {:Textbooks/math/graham_knuth_patashnik_math_comp_sci.pdf:PDF},
  groups    = {Computing},
  keywords  = {math},
  timestamp = {2018-03-16},
}

@Book{Hirsch2012,
  title     = {Differential Equations, Dynamical Systems, and an Introduction to Chaos, Third Edition},
  publisher = {Academic Press},
  year      = {2012},
  author    = {Morris W. Hirsch and Stephen Smale and Robert L. Devaney},
  isbn      = {978-0-12-382010-5},
  file      = {:Textbooks/math/hirsh_ode_dynam_chaos.pdf:PDF},
  keywords  = {math},
  timestamp = {2018-03-16},
  url       = {https://www.amazon.com/Differential-Equations-Dynamical-Systems-Introduction/dp/0123820103?SubscriptionId=0JYN1NVW651KCA56C102&tag=techkie-20&linkCode=xm2&camp=2025&creative=165953&creativeASIN=0123820103},
}

@Book{Joot2016,
  title     = {Exploring Physics with Geometric Algebra},
  year      = {2016},
  author    = {Joot, Peeter},
  file      = {:Textbooks/math/joot_phys_w_geom_algebra.pdf:PDF},
  timestamp = {2018-03-16},
}

@Book{Magnus1999,
  title     = {Matrix Differential Calculus with Applications in Statistics and Econometrics (Wiley Series in Probability and Statistics: Texts and References Section)},
  publisher = {Wiley},
  year      = {1999},
  author    = {Jan R. Magnus and Heinz Neudecker},
  isbn      = {0-471-98632-1},
  file      = {:Textbooks/math/magnus_matrix_diffeq.pdf:PDF},
  keywords  = {math},
  timestamp = {2019-02-21},
  url       = {https://www.amazon.com/Differential-Applications-Statistics-Econometrics-Probability/dp/0471986321?SubscriptionId=0JYN1NVW651KCA56C102&tag=techkie-20&linkCode=xm2&camp=2025&creative=165953&creativeASIN=0471986321},
}

@Book{Andreon2015,
  title     = {Bayesian Methods for the Physical Sciences: Learning from Examples in Astronomy and Physics (Springer Series in Astrostatistics)},
  publisher = {Springer},
  year      = {2015},
  author    = {Stefano Andreon and Brian Weaver},
  isbn      = {978-3-319-15286-8},
  comment   = {math/stats/bayes/},
  file      = {:Textbooks/math/stats/bayes/andreon_bayesian_methods.pdf:PDF},
  timestamp = {2018-03-16},
  url       = {https://www.amazon.com/Bayesian-Methods-Physical-Sciences-Astrostatistics/dp/3319152866?SubscriptionId=0JYN1NVW651KCA56C102&tag=techkie-20&linkCode=xm2&camp=2025&creative=165953&creativeASIN=3319152866},
}

@Book{Lunn2012,
  title     = {The BUGS Book: A Practical Introduction to Bayesian Analysis (Chapman \& Hall/CRC Texts in Statistical Science)},
  publisher = {Chapman and Hall/CRC},
  year      = {2012},
  author    = {David Lunn and Chris Jackson and Nicky Best and Andrew Thomas and David Spiegelhalter},
  isbn      = {978-1-4665-8666-6},
  file      = {:Textbooks/math/stats/bayes/lunn_bugs_intro_bayes.pdf:PDF},
  timestamp = {2018-03-16},
  url       = {https://www.amazon.com/BUGS-Book-Practical-Introduction-Statistical-ebook/dp/B00CEN4YE4?SubscriptionId=0JYN1NVW651KCA56C102&tag=techkie-20&linkCode=xm2&camp=2025&creative=165953&creativeASIN=B00CEN4YE4},
}

@Book{Hoff2009,
  title     = {A First Course in Bayesian Statistical Methods (Springer Texts in Statistics)},
  publisher = {Springer},
  year      = {2009},
  author    = {Peter D. Hoff},
  isbn      = {978-0-387-92299-7},
  file      = {:Textbooks/math/stats/bayes/hoff_bayes_methods.pdf:PDF},
  timestamp = {2018-03-16},
  url       = {https://www.amazon.com/Bayesian-Statistical-Methods-Springer-Statistics/dp/0387922997?SubscriptionId=0JYN1NVW651KCA56C102&tag=techkie-20&linkCode=xm2&camp=2025&creative=165953&creativeASIN=0387922997},
}

@Book{Cumming2011,
  title     = {Understanding The New Statistics: Effect Sizes, Confidence Intervals, and Meta-Analysis (Multivariate Applications Series)},
  publisher = {Routledge},
  year      = {2011},
  author    = {Geoff Cumming},
  isbn      = {978-0-415-87967-5},
  file      = {:Textbooks/math/stats/cumming_new_statistics.pdf:PDF},
  timestamp = {2018-03-16},
  url       = {https://www.amazon.com/Understanding-New-Statistics-Meta-Analysis-Multivariate/dp/0415879671?SubscriptionId=0JYN1NVW651KCA56C102&tag=techkie-20&linkCode=xm2&camp=2025&creative=165953&creativeASIN=0415879671},
}

@Book{Dytham2011,
  title     = {Choosing and Using Statistics: A Biologist's Guide},
  publisher = {Wiley-Blackwell},
  year      = {2011},
  author    = {Calvin Dytham},
  isbn      = {978-1-4051-9838-7},
  file      = {:Textbooks/math/stats/dytham_choosing_statistics.pdf:PDF},
  timestamp = {2018-03-16},
  url       = {https://www.amazon.com/Choosing-Using-Statistics-Biologists-Guide/dp/1405198389?SubscriptionId=0JYN1NVW651KCA56C102&tag=techkie-20&linkCode=xm2&camp=2025&creative=165953&creativeASIN=1405198389},
}

@Book{Flury1997,
  title     = {A First Course in Multivariate Statistics (Springer Texts in Statistics)},
  publisher = {Springer},
  year      = {1997},
  author    = {Bernard Flury},
  isbn      = {978-0387982069},
  file      = {:Textbooks/math/stats/flury_multivariate_statistics.pdf:PDF},
  timestamp = {2018-03-16},
  url       = {https://www.amazon.com/First-Course-Multivariate-Statistics-Springer/dp/038798206X?SubscriptionId=0JYN1NVW651KCA56C102&tag=techkie-20&linkCode=xm2&camp=2025&creative=165953&creativeASIN=038798206X},
}

@Book{Freedman2007,
  title     = {Statistics, 4th Edition},
  publisher = {W. W. Norton \& Company},
  year      = {2007},
  author    = {David Freedman and Robert Pisani and Roger Purves},
  isbn      = {0393929728},
  file      = {:Textbooks/math/stats/freedman_pisani_statistics.pdf:PDF},
  timestamp = {2018-03-16},
  url       = {https://www.amazon.com/Statistics-4th-David-Freedman/dp/0393929728?SubscriptionId=0JYN1NVW651KCA56C102&tag=techkie-20&linkCode=xm2&camp=2025&creative=165953&creativeASIN=0393929728},
}

@Book{Freedman2009,
  title     = {Statistical Models and Causal Inference: A Dialogue with the Social Sciences},
  publisher = {Cambridge University Press},
  year      = {2009},
  author    = {David A. Freedman and David Collier and Jasjeet S. Sekhon},
  isbn      = {978-0-521-19500-3},
  file      = {:Textbooks/math/stats/freedman_social_sciences.pdf:PDF},
  timestamp = {2018-03-16},
  url       = {https://www.amazon.com/Statistical-Models-Causal-Inference-Dialogue-ebook/dp/B00E3UR6O6?SubscriptionId=0JYN1NVW651KCA56C102&tag=techkie-20&linkCode=xm2&camp=2025&creative=165953&creativeASIN=B00E3UR6O6},
}

@Book{Freedman2009a,
  title     = {Statistical Models: Theory and Practice},
  publisher = {Cambridge University Press},
  year      = {2009},
  author    = {David A. Freedman},
  isbn      = {978-0-521-11243-7},
  file      = {:Textbooks/math/stats/freedman_statistical_models.pdf:PDF},
  timestamp = {2018-03-16},
  url       = {https://www.amazon.com/Statistical-Models-Practice-David-Freedman-ebook/dp/B00E3UR6IM?SubscriptionId=0JYN1NVW651KCA56C102&tag=techkie-20&linkCode=xm2&camp=2025&creative=165953&creativeASIN=B00E3UR6IM},
}

@Book{Motulsky1995,
  title     = {Intuitive Biostatistics},
  publisher = {Oxford University Press},
  year      = {1995},
  author    = {Harvey Motulsky},
  isbn      = {978-0195086072},
  file      = {:Textbooks/math/stats/motulsky_intuitive_biostatistics.pdf:PDF},
  timestamp = {2018-03-16},
  url       = {https://www.amazon.com/Intuitive-Biostatistics-Harvey-Motulsky/dp/0195086074?SubscriptionId=0JYN1NVW651KCA56C102&tag=techkie-20&linkCode=xm2&camp=2025&creative=165953&creativeASIN=0195086074},
}

@Book{Wasserman2007,
  title     = {All of Nonparametric Statistics (Springer Texts in Statistics)},
  publisher = {Springer},
  year      = {2007},
  author    = {Larry Wasserman},
  isbn      = {978-0387-25145-5},
  file      = {:Textbooks/math/stats/wasserman_nonparametric_statistics.pdf:PDF},
  timestamp = {2018-03-16},
  url       = {https://www.amazon.com/All-Nonparametric-Statistics-Springer-Texts/dp/0387251456?SubscriptionId=0JYN1NVW651KCA56C102&tag=techkie-20&linkCode=xm2&camp=2025&creative=165953&creativeASIN=0387251456},
}

@Book{Wasserman2010,
  title     = {All of Statistics: A Concise Course in Statistical Inference (Springer Texts in Statistics)},
  publisher = {Springer},
  year      = {2010},
  author    = {Larry Wasserman},
  isbn      = {978-1441923226},
  file      = {:Textbooks/math/stats/wasserman_statistics.pdf:PDF},
  timestamp = {2018-03-16},
  url       = {https://www.amazon.com/All-Statistics-Statistical-Inference-Springer/dp/1441923225?SubscriptionId=0JYN1NVW651KCA56C102&tag=techkie-20&linkCode=xm2&camp=2025&creative=165953&creativeASIN=1441923225},
}

@Book{Wilcox2009,
  title     = {Basic Statistics: Understanding Conventional Methods and Modern Insights},
  publisher = {Oxford University Press},
  year      = {2009},
  author    = {Rand R. Wilcox},
  isbn      = {978-0-19-531510-3},
  file      = {:Textbooks/math/stats/wilcox_basic_statistics.pdf:PDF},
  timestamp = {2018-03-16},
  url       = {https://www.amazon.com/Basic-Statistics-Understanding-Conventional-Insights/dp/0195315103?SubscriptionId=0JYN1NVW651KCA56C102&tag=techkie-20&linkCode=xm2&camp=2025&creative=165953&creativeASIN=0195315103},
}

@Book{Teschl2004,
  title     = {Nonlinear Functional Analysis},
  year      = {2004},
  author    = {Teschl, Gerald},
  file      = {:Textbooks/math/teschl_nonlinear_func_analysis.pdf:PDF},
  timestamp = {2018-03-16},
}

@Book{Castells2009,
  author    = {Manuel Castells},
  title     = {The Rise of the Network Society},
  year      = {2009},
  publisher = {Wiley-Blackwell},
  isbn      = {978-1-405-19686-4},
  url       = {https://www.amazon.com/Rise-Network-Society-Manuel-Castells/dp/1405196866?SubscriptionId=0JYN1NVW651KCA56C102&tag=techkie-20&linkCode=xm2&camp=2025&creative=165953&creativeASIN=1405196866},
  comment   = {networks/},
  file      = {:Textbooks/networks/castells_rise_network_society.pdf:PDF},
  timestamp = {2018-03-16},
}

@Book{Newman2010,
  title     = {Networks: An Introduction},
  publisher = {Oxford University Press},
  year      = {2010},
  author    = {Mark Newman},
  isbn      = {978-0199206650},
  file      = {:Textbooks/networks/newman_networks.pdf:PDF},
  timestamp = {2018-03-16},
  url       = {https://www.amazon.com/Networks-Introduction-Mark-Newman/dp/0199206651?SubscriptionId=0JYN1NVW651KCA56C102&tag=techkie-20&linkCode=xm2&camp=2025&creative=165953&creativeASIN=0199206651},
}

@Book{Barrick2017,
  title     = {Biomolecular Thermodynamics: From Theory to Application (Foundations of Biochemistry and Biophysics)},
  publisher = {CRC Press},
  year      = {2017},
  author    = {Douglas Barrick},
  isbn      = {978-1-138-06884-1},
  comment   = {physics/biophys/},
  file      = {:Textbooks/physics/biophys/barrick_bio_thermo.pdf:PDF},
  timestamp = {2018-03-16},
  url       = {https://www.amazon.com/Biomolecular-Thermodynamics-Application-Foundations-Biochemistry/dp/1138068845?SubscriptionId=0JYN1NVW651KCA56C102&tag=techkie-20&linkCode=xm2&camp=2025&creative=165953&creativeASIN=1138068845},
}

@Book{Byron1992,
  author    = {Frederick W. Byron and Robert W. Fuller},
  title     = {Mathematics of Classical and Quantum Physics (Dover Books on Physics)},
  year      = {1992},
  publisher = {Dover Publications},
  isbn      = {0-486-67164-X},
  url       = {https://www.amazon.com/Mathematics-Classical-Quantum-Physics-Dover/dp/048667164X?SubscriptionId=0JYN1NVW651KCA56C102&tag=techkie-20&linkCode=xm2&camp=2025&creative=165953&creativeASIN=048667164X},
  comment   = {physics/mathphys/},
  file      = {:Textbooks/physics/mathphys/byron_fuller_math_classical_quantum.pdf:PDF},
  timestamp = {2018-03-16},
}

@Book{Landau1976,
  title     = {Mechanics},
  publisher = {Butterworth-Heinemann},
  year      = {1976},
  author    = {L D Landau and E.M. Lifshitz},
  volume    = {1},
  series    = {Course of Theoretical Physics},
  edition   = {3rd},
  isbn      = {9780750628969},
  file      = {:Textbooks/physics/landau_lifshitz/course_theor_phys/landau_lifshitz_vol1_mechanics.pdf:PDF},
  timestamp = {2018-03-16},
  url       = {https://www.amazon.com/Mechanics-Third-Course-Theoretical-Physics/dp/0750628960?SubscriptionId=0JYN1NVW651KCA56C102&tag=techkie-20&linkCode=xm2&camp=2025&creative=165953&creativeASIN=0750628960},
}

@Book{Landau1980,
  title     = {The Classical Theory of Fluids},
  publisher = {Butterworth-Heinemann},
  year      = {1980},
  author    = {L D Landau and E.M. Lifshitz},
  volume    = {2},
  series    = {Course of Theoretical Physics},
  edition   = {4th},
  isbn      = {978-0750627689},
  file      = {:Textbooks/physics/landau_lifshitz/course_theor_phys/landau_lifshitz_vol2_classical_fluids.pdf:PDF},
  timestamp = {2018-03-16},
  url       = {https://www.amazon.com/Classical-Theory-Fields-Fourth-Theoretical/dp/0750627689?SubscriptionId=0JYN1NVW651KCA56C102&tag=techkie-20&linkCode=xm2&camp=2025&creative=165953&creativeASIN=0750627689},
}

@Book{Landau1981,
  title     = {Quantum Mechanics: Non--relativistic Theory},
  publisher = {Pergamon Pr},
  year      = {1981},
  author    = {Landau, L. D. and Lifshitz, E. M.},
  volume    = {3},
  series    = {Course of Theoretical Physics},
  edition   = {3rd},
  isbn      = {0080209408},
  file      = {:Textbooks/physics/landau_lifshitz/course_theor_phys/landau_lifshitz_vol3_quantum_mechanics.pdf:PDF},
  timestamp = {2018-03-16},
  url       = {https://www.amazon.com/Quantum-Mechanics-Nonrelativistic-Theoretical-Physics-English/dp/0080209408?SubscriptionId=0JYN1NVW651KCA56C102&tag=techkie-20&linkCode=xm2&camp=2025&creative=165953&creativeASIN=0080209408},
}

@Book{Landau1983,
  title     = {Quantum Electrodynamics},
  publisher = {Pergamon Pr},
  year      = {1983},
  author    = {L. D. Landau and E. M. Lifshitz},
  volume    = {4},
  series    = {Course of Theoretical Physics},
  edition   = {2nd},
  isbn      = {0080265030},
  file      = {:Textbooks/physics/landau_lifshitz/course_theor_phys/landau_lifshitz_vol4_quant_elecdyna.pdf:PDF},
  timestamp = {2018-03-16},
  url       = {https://www.amazon.com/Quantum-Electrodynamics-Course-Theoretical-Physics/dp/0080265030?SubscriptionId=0JYN1NVW651KCA56C102&tag=techkie-20&linkCode=xm2&camp=2025&creative=165953&creativeASIN=0080265030},
}

@Book{Landau1969,
  title     = {Statistical Physics, Part 1},
  publisher = {Pergamon Pr},
  year      = {1969},
  author    = {Landau, L.D. and Lifshitz, E.M.},
  volume    = {5},
  series    = {Course of Theoretical Physics},
  edition   = {3rd},
  isbn      = {0080230393},
  file      = {:Textbooks/physics/landau_lifshitz/course_theor_phys/landau_lifshitz_vol5_stat_phys_I.pdf:PDF},
  timestamp = {2018-03-16},
  url       = {https://www.amazon.com/005-Statistical-Physics-Course-Theoretical/dp/0080230393?SubscriptionId=0JYN1NVW651KCA56C102&tag=techkie-20&linkCode=xm2&camp=2025&creative=165953&creativeASIN=0080230393},
}

@Book{Landau1987,
  title     = {Fluid Mechanics},
  publisher = {Butterworth--Heinemann Ltd},
  year      = {1987},
  author    = {Landau, L.D. and Lifshitz, E.M.},
  volume    = {6},
  series    = {Course of Theoretical Physics},
  edition   = {2nd},
  isbn      = {0080339336},
  file      = {:Textbooks/physics/landau_lifshitz/course_theor_phys/landau_lifshitz_vol6_fluid_mechanics.pdf:PDF},
  timestamp = {2018-03-16},
  url       = {https://www.amazon.com/Fluid-Mechanics-Course-Theoretical-Physics/dp/0080339336?SubscriptionId=0JYN1NVW651KCA56C102&tag=techkie-20&linkCode=xm2&camp=2025&creative=165953&creativeASIN=0080339336},
}

@Book{Landau1986,
  title     = {Theory of Elasticity},
  publisher = {Butterworth-Heinemann},
  year      = {1986},
  author    = {Landau, L.D. and Lifshitz, E.M.},
  volume    = {7},
  series    = {Course of Theoretical Physics},
  edition   = {3rd},
  isbn      = {075062633X},
  file      = {:Textbooks/physics/landau_lifshitz/course_theor_phys/landau_lifshitz_vol7_elasticity.pdf:PDF},
  timestamp = {2018-03-16},
  url       = {https://www.amazon.com/Theory-Elasticity-Third-Theoretical-Physics/dp/075062633X?SubscriptionId=0JYN1NVW651KCA56C102&tag=techkie-20&linkCode=xm2&camp=2025&creative=165953&creativeASIN=075062633X},
}

@Book{Landau1984,
  title     = {Electrodynamics of Continuous Media},
  publisher = {Pergamon P},
  year      = {1984},
  author    = {Landau, L.D. and Lifshitz, E.M.},
  volume    = {8},
  series    = {Course of Theoretical Physics},
  edition   = {2nd},
  isbn      = {0080302769},
  file      = {:Textbooks/physics/landau_lifshitz/course_theor_phys/landau_lifshitz_vol8_elecdyna_continuous.pdf:PDF},
  timestamp = {2018-03-16},
  url       = {https://www.amazon.com/Electrodynamics-Continuous-Media-etc-Landau/dp/0080302769?SubscriptionId=0JYN1NVW651KCA56C102&tag=techkie-20&linkCode=xm2&camp=2025&creative=165953&creativeASIN=0080302769},
}

@Book{Landau1979,
  title     = {Statistical Physics, Part 2},
  publisher = {Pergamon Press},
  year      = {1979},
  author    = {Landau, L.D. and Lifshitz, E.M.},
  volume    = {9},
  series    = {Course of Theoretical Physics},
  edition   = {2nd},
  isbn      = {0080230733},
  file      = {:Textbooks/physics/landau_lifshitz/course_theor_phys/landau_lifshitz_vol9_stat_phys_II.pdf:PDF},
  timestamp = {2018-03-16},
  url       = {https://www.amazon.com/Statistical-Physics-Theory-Condensed-State/dp/0080230733?SubscriptionId=0JYN1NVW651KCA56C102&tag=techkie-20&linkCode=xm2&camp=2025&creative=165953&creativeASIN=0080230733},
}

@Book{Landau1972,
  title     = {Mechanics and Electrodynamics},
  publisher = {Pergamon Pr},
  year      = {1972},
  author    = {L. D. Landau and E. M. Lifshitz},
  volume    = {1},
  series    = {A Shorter Course of Theoretical Physics},
  edition   = {1st},
  isbn      = {008016739X},
  file      = {:Textbooks/physics/landau_lifshitz/shorter_course/landau_lifshitz_short_vol1_mechanics_elecdyna.pdf:PDF},
  timestamp = {2018-03-16},
  url       = {https://www.amazon.com/Mechanics-Electrodynamics-Shorter-Theoretical-Physics/dp/008016739X?SubscriptionId=0JYN1NVW651KCA56C102&tag=techkie-20&linkCode=xm2&camp=2025&creative=165953&creativeASIN=008016739X},
}

@Book{Landau1974a,
  title     = {Quantum Mechanics},
  publisher = {Pergamon},
  year      = {1974},
  author    = {Landau, L.D. and E. M. Lifshitz},
  volume    = {2},
  series    = {A Shorter Course of Theoretical Physics},
  edition   = {1st},
  isbn      = {0080178014},
  file      = {:Textbooks/physics/landau_lifshitz/shorter_course/landau_lifshitz_short_vol2_quantum.pdf:PDF},
  timestamp = {2018-03-16},
  url       = {https://www.amazon.com/Shorter-Course-Theoretical-Physics-Vol/dp/0080178014?SubscriptionId=0JYN1NVW651KCA56C102&tag=techkie-20&linkCode=xm2&camp=2025&creative=165953&creativeASIN=0080178014},
}

@Book{Stone2009,
  title     = {Mathematics for Physics: A Guided Tour for Graduate Students},
  publisher = {Cambridge University Press},
  year      = {2009},
  author    = {Michael Stone and Paul Goldbart},
  isbn      = {978-0-521-85403-0},
  file      = {:Textbooks/physics/mathphys/stone_mathematics_for_physics.pdf:PDF},
  timestamp = {2018-03-17},
  url       = {https://www.amazon.com/Mathematics-Physics-Guided-Graduate-Students-ebook/dp/B00AKE1VR2?SubscriptionId=0JYN1NVW651KCA56C102&tag=techkie-20&linkCode=xm2&camp=2025&creative=165953&creativeASIN=B00AKE1VR2},
}

@Book{Mathews1970,
  title     = {Mathematical Methods of Physics (2nd Edition)},
  publisher = {W.A. Benjamin},
  year      = {1970},
  author    = {Jon Mathews and Robert L. Walker},
  isbn      = {08053-7002-1},
  file      = {:Textbooks/physics/mathphys/mathews_walker_math_phys.pdf:PDF},
  timestamp = {2018-03-17},
  url       = {https://www.amazon.com/Mathematical-Methods-Physics-2nd-Mathews/dp/0805370021?SubscriptionId=0JYN1NVW651KCA56C102&tag=techkie-20&linkCode=xm2&camp=2025&creative=165953&creativeASIN=0805370021},
}

@Book{Kolecki2002,
  title     = {An Introduction to Tensors for Students of Physics and Engineering},
  year      = {2002},
  author    = {Kolecki, Joseph C.},
  file      = {:Textbooks/physics/mathphys/kolecki_intro_tensors.pdf:PDF},
  timestamp = {2018-03-17},
}

@Book{Binney1992,
  title     = {The Theory of Critical Phenomena: An Introduction to the Renormalization Group (Oxford Science Publications)},
  publisher = {Clarendon Press},
  year      = {1992},
  author    = {J. J. Binney and N. J. Dowrick and A. J. Fisher and M. E. J. Newman},
  isbn      = {0198513933},
  comment   = {physics/statmech/},
  file      = {:Textbooks/physics/statmech/binney_theory_crit_phenom.pdf:PDF},
  timestamp = {2018-03-17},
  url       = {https://www.amazon.com/Theory-Critical-Phenomena-Introduction-Renormalization/dp/0198513933?SubscriptionId=0JYN1NVW651KCA56C102&tag=techkie-20&linkCode=xm2&camp=2025&creative=165953&creativeASIN=0198513933},
}

@Book{Gardiner2004,
  title     = {Handbook of Stochastic Methods: for Physics, Chemistry and the Natural Sciences (Springer Series in Synergetics)},
  publisher = {Springer},
  year      = {2004},
  author    = {Crispin Gardiner},
  isbn      = {3540208828},
  file      = {:Textbooks/physics/statmech/gardiner_handbook_of_stochastic_methods.pdf:PDF},
  timestamp = {2018-03-17},
  url       = {https://www.amazon.com/Handbook-Stochastic-Methods-Chemistry-Synergetics/dp/3540208828?SubscriptionId=0JYN1NVW651KCA56C102&tag=techkie-20&linkCode=xm2&camp=2025&creative=165953&creativeASIN=3540208828},
}

@Book{Itzykson1989,
  title     = {From Brownian Motion to Renormalization and Lattice Gauge Theory},
  publisher = {Cambridge University Press},
  year      = {1989},
  author    = {Claude Itzykson and Jean-Michel Drouffe},
  volume    = {1},
  series    = {Statistical Field Theory},
  isbn      = {0521340586},
  file      = {:Textbooks/physics/statmech/itzykson_drouffe_stat_field_theory_vol1.pdf:PDF},
  timestamp = {2018-03-17},
  url       = {https://www.amazon.com/001-Statistical-Renormalization-Monographs-Mathematical/dp/0521340586?SubscriptionId=0JYN1NVW651KCA56C102&tag=techkie-20&linkCode=xm2&camp=2025&creative=165953&creativeASIN=0521340586},
}

@Book{Itzykson1989a,
  title     = {Strong Coupling, Monte Carlo Methods, Conformal Field Theory and Random Systems},
  publisher = {Cambridge University Press},
  year      = {1989},
  author    = {Claude Itzykson and Jean-Michel Drouffe},
  volume    = {2},
  series    = {Statistical Field Theory},
  isbn      = {0521370124},
  file      = {:Textbooks/physics/statmech/itzykson_drouffe_stat_field_theory_vol2.pdf:PDF},
  timestamp = {2018-03-17},
  url       = {https://www.amazon.com/002-Statistical-Conformal-Monographs-Mathematical/dp/0521370124?SubscriptionId=0JYN1NVW651KCA56C102&tag=techkie-20&linkCode=xm2&camp=2025&creative=165953&creativeASIN=0521370124},
}

@Book{Khinchin2014,
  title     = {Mathematical Foundations of Statistical Mechanics},
  publisher = {Martino Fine Books},
  year      = {2014},
  author    = {A. Khinchin},
  isbn      = {978-1614276425},
  file      = {:Textbooks/physics/mathphys/kinchin_math_found_stat_mech.pdf:PDF},
  timestamp = {2018-03-17},
  url       = {https://www.amazon.com/Mathematical-Foundations-Statistical-Mechanics-Khinchin/dp/1614276420?SubscriptionId=0JYN1NVW651KCA56C102&tag=techkie-20&linkCode=xm2&camp=2025&creative=165953&creativeASIN=1614276420},
}

@Book{King2008,
  title     = {C Programming: A Modern Approach, 2nd Edition},
  publisher = {W. W. Norton \& Company},
  year      = {2008},
  author    = {K. N. King},
  isbn      = {9780393979503},
  file      = {:Textbooks/programming/cpp/king_modern_c.pdf:PDF},
  groups    = {C},
  timestamp = {2018-03-17},
  url       = {https://www.amazon.com/C-Programming-Modern-Approach-2nd/dp/0393979504?SubscriptionId=0JYN1NVW651KCA56C102&tag=techkie-20&linkCode=xm2&camp=2025&creative=165953&creativeASIN=0393979504},
}

@Book{Klemens2014,
  title     = {21st Century C: C Tips from the New School},
  publisher = {O'Reilly Media},
  year      = {2014},
  author    = {Ben Klemens},
  isbn      = {978-1-491-90389-6},
  file      = {:Textbooks/programming/cpp/klemens_21_century_c.pdf:PDF},
  groups    = {C},
  timestamp = {2018-03-17},
  url       = {https://www.amazon.com/21st-Century-Tips-New-School/dp/1491903899?SubscriptionId=0JYN1NVW651KCA56C102&tag=techkie-20&linkCode=xm2&camp=2025&creative=165953&creativeASIN=1491903899},
}

@Book{Lippman2012,
  title     = {C++ Primer (5th Edition)},
  publisher = {Addison-Wesley Professional},
  year      = {2012},
  author    = {Stanley B. Lippman and JosÃ©e Lajoie and Barbara E. Moo},
  isbn      = {978-0-321-71411-4},
  file      = {:Textbooks/programming/cpp/lippman_cpp_primer.pdf:PDF},
  groups    = {Cpp},
  timestamp = {2018-03-17},
  url       = {https://www.amazon.com/Primer-5th-Stanley-B-Lippman/dp/0321714113?SubscriptionId=0JYN1NVW651KCA56C102&tag=techkie-20&linkCode=xm2&camp=2025&creative=165953&creativeASIN=0321714113},
}

@Book{Malik2012,
  title     = {C++ Programming: From Problem Analysis to Program Design},
  publisher = {Cengage Learning},
  year      = {2012},
  author    = {D. S. Malik},
  isbn      = {9781133626381},
  file      = {:Textbooks/programming/cpp/malik_cpp.pdf:PDF},
  groups    = {Cpp},
  timestamp = {2018-03-17},
  url       = {https://www.amazon.com/Programming-Problem-Analysis-Program-Design/dp/1133626386?SubscriptionId=0JYN1NVW651KCA56C102&tag=techkie-20&linkCode=xm2&camp=2025&creative=165953&creativeASIN=1133626386},
}

@Book{Meyers2014,
  title     = {Effective Modern C++: 42 Specific Ways to Improve Your Use of C++11 and C++14},
  publisher = {O'Reilly Media},
  year      = {2014},
  author    = {Scott Meyers},
  isbn      = {978-1-491-90399-5},
  file      = {:Textbooks/programming/cpp/meyers_effective_modern_cpp.pdf:PDF},
  groups    = {Cpp},
  timestamp = {2018-03-17},
  url       = {https://www.amazon.com/Effective-Modern-Specific-Ways-Improve/dp/1491903996?SubscriptionId=0JYN1NVW651KCA56C102&tag=techkie-20&linkCode=xm2&camp=2025&creative=165953&creativeASIN=1491903996},
}

@Book{Meyers2008,
  title     = {Effective C++},
  publisher = {Addison-Wesley},
  year      = {2008},
  author    = {Scott (Author) Meyers},
  isbn      = {978-0321334879},
  file      = {:Textbooks/programming/cpp/meyers_effective_cpp.pdf:PDF},
  groups    = {Cpp},
  timestamp = {2018-03-17},
  url       = {https://www.amazon.com/Effective-C-Scott-Author-Meyers/dp/B007YXZOSO?SubscriptionId=0JYN1NVW651KCA56C102&tag=techkie-20&linkCode=xm2&camp=2025&creative=165953&creativeASIN=B007YXZOSO},
}

@Book{Meyers1996,
  title     = {More Effective C++: 35 New Ways to Improve Your Programs and Designs},
  publisher = {Addison-Wesley Professional},
  year      = {1996},
  author    = {Scott Meyers},
  isbn      = {978-0201633719},
  file      = {:Textbooks/programming/cpp/meyers_more_effective_cpp.pdf:PDF},
  groups    = {Cpp},
  timestamp = {2018-03-17},
  url       = {https://www.amazon.com/More-Effective-Improve-Programs-Designs/dp/020163371X?SubscriptionId=0JYN1NVW651KCA56C102&tag=techkie-20&linkCode=xm2&camp=2025&creative=165953&creativeASIN=020163371X},
}

@Book{Karniadakis2003,
  title     = {Parallel Scientific Computing in C++ and MPI: A Seamless Approach to Parallel Algorithms and their Implementation},
  publisher = {Cambridge University Press},
  year      = {2003},
  author    = {Karniadakis, G.M. and Kirby, R.M.},
  isbn      = {978-0521520805},
  file      = {:Textbooks/programming/cpp/kardniadakis_parallel_cpp.pdf:PDF},
  groups    = {Cpp},
  timestamp = {2018-03-17},
  url       = {https://www.amazon.com/Parallel-Scientific-Computing-MPI-Implementation/dp/0521520800?SubscriptionId=0JYN1NVW651KCA56C102&tag=techkie-20&linkCode=xm2&camp=2025&creative=165953&creativeASIN=0521520800},
}

@Book{Press1992,
  title     = {Numerical Recipes in C: The Art of Scientific Computing, Second Edition},
  publisher = {Cambridge University Press},
  year      = {1992},
  author    = {William H. Press and Brian P. Flannery and Saul A. Teukolsky and William T. Vetterling},
  isbn      = {0521431085},
  file      = {:Textbooks/programming/cpp/press_numerical_recipes_c.pdf:PDF},
  groups    = {C},
  timestamp = {2018-03-17},
  url       = {https://www.amazon.com/Numerical-Recipes-Scientific-Computing-Second/dp/0521431085?SubscriptionId=0JYN1NVW651KCA56C102&tag=techkie-20&linkCode=xm2&camp=2025&creative=165953&creativeASIN=0521431085},
}

@Book{Press2007,
  title     = {Numerical Recipes in C++: The Art of Scientific Computing},
  publisher = {Cambridge University Press},
  year      = {2007},
  author    = {Press, William H. and Teukolsky, Saul A. and Vetterling, William T. and Flannery, Brian P.},
  file      = {:Textbooks/programming/cpp/press_numerical_recipes_cpp.pdf:PDF},
  groups    = {Cpp},
  timestamp = {2018-03-17},
}

@Book{Stroustrup2013,
  title     = {The C++ Programming Language},
  publisher = {Addison-Wesley Professional},
  year      = {2013},
  author    = {Bjarne Stroustrup},
  edition   = {4th},
  isbn      = {978-0-321-56384-2},
  file      = {:Textbooks/programming/cpp/stroustrup_cpp.pdf:PDF},
  groups    = {Cpp},
  timestamp = {2018-03-17},
  url       = {https://www.amazon.com/C-Programming-Language-4th/dp/0321563840?SubscriptionId=0JYN1NVW651KCA56C102&tag=techkie-20&linkCode=xm2&camp=2025&creative=165953&creativeASIN=0321563840},
}

@Book{Stroustrup2008,
  title     = {Programming: Principles and Practice Using C++},
  publisher = {Addison-Wesley Professional},
  year      = {2008},
  author    = {Bjarne Stroustrup},
  isbn      = {9780321543721},
  file      = {:Textbooks/programming/cpp/stroustrup_principles_cpp.pdf:PDF},
  timestamp = {2018-03-17},
  url       = {https://www.amazon.com/Programming-Principles-Practice-Using-C/dp/0321543726?SubscriptionId=0JYN1NVW651KCA56C102&tag=techkie-20&linkCode=xm2&camp=2025&creative=165953&creativeASIN=0321543726},
}

@Book{Stroustrup2013a,
  title     = {A Tour of C++},
  publisher = {Addison-Wesley Professional},
  year      = {2013},
  author    = {Bjarne Stroustrup},
  isbn      = {978-0-321-958310},
  file      = {:Textbooks/programming/cpp/stroustrup_tour_cpp.pdf:PDF},
  groups    = {Cpp},
  timestamp = {2018-03-17},
  url       = {https://www.amazon.com/Tour-C-Depth/dp/0321958314?SubscriptionId=0JYN1NVW651KCA56C102&tag=techkie-20&linkCode=xm2&camp=2025&creative=165953&creativeASIN=0321958314},
}

@Book{Sutter2001,
  title     = {More Exceptional C++: 40 New Engineering Puzzles, Programming Problems, and Solutions},
  publisher = {Addison-Wesley Professional},
  year      = {2001},
  author    = {Herb Sutter},
  isbn      = {978-0201704341},
  file      = {:Textbooks/programming/cpp/sutter_more_exceptional_cpp.pdf:PDF},
  groups    = {Cpp},
  timestamp = {2018-03-17},
  url       = {https://www.amazon.com/More-Exceptional-Engineering-Programming-Solutions/dp/020170434X?SubscriptionId=0JYN1NVW651KCA56C102&tag=techkie-20&linkCode=xm2&camp=2025&creative=165953&creativeASIN=020170434X},
}

@Book{Brainerd2015,
  author    = {Walter S. Brainerd},
  title     = {Guide to Fortran 2008 Programming},
  year      = {2015},
  publisher = {Springer},
  isbn      = {978-1-4471-6758-7},
  url       = {https://www.amazon.com/Guide-Fortran-Programming-Walter-Brainerd/dp/1447167589?SubscriptionId=0JYN1NVW651KCA56C102&tag=techkie-20&linkCode=xm2&camp=2025&creative=165953&creativeASIN=1447167589},
  comment   = {programming/fortran/},
  file      = {:Textbooks/programming/fortran/brainerd_fortran_08.pdf:PDF},
  groups    = {Fortran},
  timestamp = {2018-03-17},
}

@Book{Brainerd2009,
  author    = {Walter S. Brainerd},
  title     = {Guide to Fortran 2003 Programming},
  year      = {2009},
  publisher = {Springer},
  isbn      = {978-1-84882-542-0},
  url       = {https://www.amazon.com/Guide-Fortran-Programming-Walter-Brainerd/dp/1848825420?SubscriptionId=0JYN1NVW651KCA56C102&tag=techkie-20&linkCode=xm2&camp=2025&creative=165953&creativeASIN=1848825420},
  comment   = {programming/fortran/},
  file      = {:Textbooks/programming/fortran/brainerd_fortran_03.pdf:PDF},
  groups    = {Fortran, [mvarga:]},
  timestamp = {2018-03-17},
}

@Book{ianchivers2012,
  title     = {Introduction to Programming with Fortran: With Coverage of Fortran 90, 95, 2003, 2008 and 77},
  publisher = {Springer},
  year      = {2012},
  author    = {Chivers, Ian and Sleightholme, Jane},
  isbn      = {978-0-85729-232-2},
  file      = {:Textbooks/programming/fortran/chivers_intro_fortran.pdf:PDF},
  groups    = {Fortran},
  timestamp = {2018-03-17},
  url       = {https://www.amazon.com/Introduction-Programming-Fortran-Coverage-2003/dp/0857292323?SubscriptionId=0JYN1NVW651KCA56C102&tag=techkie-20&linkCode=xm2&camp=2025&creative=165953&creativeASIN=0857292323},
}

@Book{Ellis1994,
  title     = {Fortran 90 Programming},
  publisher = {Addison Wesley},
  year      = {1994},
  author    = {T.M.R. Ellis and Ivor R. Phillips and Thomas M. Lahey},
  isbn      = {0-201-54446-6},
  file      = {:Textbooks/programming/fortran/ellis_fortran_90.pdf:PDF},
  groups    = {Fortran},
  timestamp = {2018-03-17},
  url       = {https://www.amazon.com/Fortran-Programming-International-Computer-Science/dp/0201544466?SubscriptionId=0JYN1NVW651KCA56C102&tag=techkie-20&linkCode=xm2&camp=2025&creative=165953&creativeASIN=0201544466},
}

@Book{Adams2008,
  title     = {The Fortran 2003 Handbook: The Complete Syntax, Features and Procedures},
  publisher = {Springer},
  year      = {2008},
  author    = {Jeanne C. Adams and Walter S. Brainerd and Richard A. Hendrickson and Richard E. Maine and Jeanne T. Martin and Brian T. Smith},
  isbn      = {978-1-84628-378-9},
  comment   = {programming/fortran/},
  file      = {:Textbooks/programming/fortran/adams_fortran_03.pdf:PDF},
  groups    = {Fortran},
  timestamp = {2018-03-17},
  url       = {https://www.amazon.com/Fortran-2003-Handbook-Complete-Procedures/dp/1846283787?SubscriptionId=0JYN1NVW651KCA56C102&tag=techkie-20&linkCode=xm2&camp=2025&creative=165953&creativeASIN=1846283787},
}

@Book{Metcalf1999,
  title     = {Fortran 90/95 Explained},
  publisher = {Oxford University Press},
  year      = {1999},
  author    = {Michael Metcalf and John K. Reid},
  isbn      = {0198505582},
  file      = {:Textbooks/programming/fortran/metcalf_fortran90_explained.pdf:PDF},
  groups    = {Fortran},
  timestamp = {2018-03-17},
  url       = {https://www.amazon.com/Fortran-90-Explained-Michael-Metcalf/dp/0198505582?SubscriptionId=0JYN1NVW651KCA56C102&tag=techkie-20&linkCode=xm2&camp=2025&creative=165953&creativeASIN=0198505582},
}

@Book{Adams1992,
  title     = {Fortran 90 Handbook: Complete Ansi/Iso Reference},
  publisher = {McGraw-Hill},
  year      = {1992},
  author    = {Jeanne C. Adams and Walter S. Brainerd},
  isbn      = {0-07-000406-4},
  comment   = {programming/fortran/},
  file      = {:Textbooks/programming/fortran/adams_fortran_90.pdf:PDF},
  groups    = {Fortran},
  timestamp = {2018-03-17},
  url       = {https://www.amazon.com/Fortran-90-Handbook-Reference-Computing/dp/0070004064?SubscriptionId=0JYN1NVW651KCA56C102&tag=techkie-20&linkCode=xm2&camp=2025&creative=165953&creativeASIN=0070004064},
}

@Book{Heath2002,
  title     = {Scientific Computing},
  publisher = {The McGraw-Hill Companies, Inc.},
  year      = {2002},
  author    = {Michael T. Heath},
  isbn      = {978-0072399103},
  file      = {:Textbooks/computing/heath_scientific_computing.pdf:PDF},
  groups    = {Computing},
  timestamp = {2018-03-17},
  url       = {https://www.amazon.com/Scientific-Computing-Michael-T-Heath/dp/0072399104?SubscriptionId=0JYN1NVW651KCA56C102&tag=techkie-20&linkCode=xm2&camp=2025&creative=165953&creativeASIN=0072399104},
}

@Book{Hager2012,
  title     = {Introduction To High Performance Computing For Scientists And Engineers},
  publisher = {CRC Press},
  year      = {2012},
  author    = {Hager, Georg and Wellein, Gerhard},
  isbn      = {978-1-4398-1192-4},
  file      = {:Textbooks/computing/hager_hpc.pdf:PDF},
  groups    = {Computing},
  timestamp = {2018-03-17},
  url       = {https://www.amazon.com/INTRODUCTION-PERFORMANCE-COMPUTING-SCIENTISTS-COMPUTATIONAL/dp/B00I5X3B5U?SubscriptionId=0JYN1NVW651KCA56C102&tag=techkie-20&linkCode=xm2&camp=2025&creative=165953&creativeASIN=B00I5X3B5U},
}

@Book{Metcalf2011,
  title     = {Modern Fortran Explained},
  publisher = {Oxford University Press},
  year      = {2011},
  author    = {Michael Metcalf and John Reid and Malcolm Cohen},
  isbn      = {978-0199601424},
  file      = {:Textbooks/programming/fortran/metcalf_modern_fortran_explained.pdf:PDF},
  groups    = {Fortran},
  timestamp = {2018-03-17},
  url       = {https://www.amazon.com/Explained-Numerical-Mathematics-Scientific-Computation/dp/0199601429?SubscriptionId=0JYN1NVW651KCA56C102&tag=techkie-20&linkCode=xm2&camp=2025&creative=165953&creativeASIN=0199601429},
}

@Book{Markus2012,
  title     = {Modern Fortran in Practice},
  publisher = {Cambridge University Press},
  year      = {2012},
  author    = {Arjen Markus},
  isbn      = {978-1-107-01790-0},
  file      = {:Textbooks/programming/fortran/markus_modern_fortran_in_practice.pdf:PDF},
  groups    = {Fortran},
  timestamp = {2018-03-17},
  url       = {https://www.amazon.com/Modern-Fortran-Practice-Arjen-Markus-ebook/dp/B009ZRNQSC?SubscriptionId=0JYN1NVW651KCA56C102&tag=techkie-20&linkCode=xm2&camp=2025&creative=165953&creativeASIN=B009ZRNQSC},
}

@Book{Clerman2011,
  title     = {Modern Fortran: Style and Usage},
  publisher = {Cambridge University Press},
  year      = {2011},
  author    = {Norman S. Clerman and Walter Spector},
  isbn      = {978-0-521-51453-8},
  file      = {:Textbooks/programming/fortran/clerman_modern_fortran_style.pdf:PDF},
  groups    = {Fortran},
  timestamp = {2018-03-17},
  url       = {https://www.amazon.com/Modern-Fortran-Norman-S-Clerman-ebook/dp/B00E3UR3EY?SubscriptionId=0JYN1NVW651KCA56C102&tag=techkie-20&linkCode=xm2&camp=2025&creative=165953&creativeASIN=B00E3UR3EY},
}

@Book{Press1992a,
  title     = {Numerical Recipes in Fortran 77: The Art of Scientific Computing},
  publisher = {Cambridge University Press},
  year      = {1992},
  author    = {William H. Press and Brian P. Flannery and Saul A. Teukolsky and William T. Vetterling},
  edition   = {2nd},
  isbn      = {978-0521430647},
  file      = {:Textbooks/programming/fortran/press_numerical_recipes_in_fortran_2nd_ed.pdf:PDF},
  groups    = {Fortran},
  timestamp = {2018-03-17},
  url       = {https://www.amazon.com/Numerical-Recipes-Fortran-Scientific-Computing/dp/052143064X?SubscriptionId=0JYN1NVW651KCA56C102&tag=techkie-20&linkCode=xm2&camp=2025&creative=165953&creativeASIN=052143064X},
}

@Book{Martinez2010,
  title     = {Exploratory Data Analysis with MATLAB},
  publisher = {CRC Press},
  year      = {2010},
  author    = {Wendy L. Martinez and Angel R. Martinez and Jeffrey Solka and Angel Martinez},
  edition   = {2nd},
  isbn      = {978-1-4398-1220-4},
  file      = {:Textbooks/programming/matlab/martinez_data_analysis_matlab.pdf:PDF},
  groups    = {MATLAB},
  timestamp = {2018-03-17},
  url       = {https://www.amazon.com/Exploratory-Analysis-Chapman-Computer-Science/dp/1439812209?SubscriptionId=0JYN1NVW651KCA56C102&tag=techkie-20&linkCode=xm2&camp=2025&creative=165953&creativeASIN=1439812209},
}

@Book{Hahn2013,
  title     = {Essential MATLAB for Engineers and Scientists, Fifth Edition},
  publisher = {Academic Press},
  year      = {2013},
  author    = {Brian Hahn and Daniel T. Valentine},
  edition   = {5th},
  isbn      = {978-0123943989},
  file      = {:Textbooks/programming/matlab/hahn_essential_matlab.pdf:PDF},
  groups    = {MATLAB},
  timestamp = {2018-03-17},
  url       = {https://www.amazon.com/Essential-MATLAB-Engineers-Scientists-Fifth/dp/0123943981?SubscriptionId=0JYN1NVW651KCA56C102&tag=techkie-20&linkCode=xm2&camp=2025&creative=165953&creativeASIN=0123943981},
}

@Book{Higham2005,
  title     = {MATLAB Guide},
  publisher = {SIAM: Society for Industrial and Applied Mathematics},
  year      = {2005},
  author    = {Desmond J. Higham and Nicholas J. Higham},
  isbn      = {0-89871-578-4},
  file      = {:Textbooks/programming/matlab/higham_matlab_guide.pdf:PDF},
  groups    = {MATLAB},
  timestamp = {2018-03-17},
  url       = {https://www.amazon.com/MATLAB-Guide-Desmond-J-Higham/dp/0898715784?SubscriptionId=0JYN1NVW651KCA56C102&tag=techkie-20&linkCode=xm2&camp=2025&creative=165953&creativeASIN=0898715784},
}

@Book{Majumdar2012,
  title     = {MATLAB Graphics and Data Visualization Cookbook (Quick Answers to Common Problems)},
  publisher = {Packt Publishing},
  year      = {2012},
  author    = {Nivedita Majumdar and Swapnonil Banerjee},
  isbn      = {978-1-84969-316-5},
  file      = {:Textbooks/programming/matlab/majumdar_matlab_visualization_cookbook.pdf:PDF},
  groups    = {MATLAB},
  timestamp = {2018-03-17},
  url       = {https://www.amazon.com/Graphics-Visualization-Cookbook-Answers-Problems/dp/1849693161?SubscriptionId=0JYN1NVW651KCA56C102&tag=techkie-20&linkCode=xm2&camp=2025&creative=165953&creativeASIN=1849693161},
}

@Book{Joshi2016,
  title     = {Julia for Data Science},
  publisher = {Packt Publishing},
  year      = {2016},
  author    = {Anshul Joshi},
  isbn      = {978-1-78528-969-9},
  file      = {:Textbooks/programming/other_languages/joshi_julia_for_data_sciences.pdf:PDF},
  groups    = {Programming},
  timestamp = {2018-03-17},
  url       = {https://www.amazon.com/Julia-Data-Science-Anshul-Joshi-ebook/dp/B01K6VVC04?SubscriptionId=0JYN1NVW651KCA56C102&tag=techkie-20&linkCode=xm2&camp=2025&creative=165953&creativeASIN=B01K6VVC04},
}

@Book{Cook2012,
  title     = {CUDA Programming: A Developer's Guide to Parallel Computing with GPUs (Applications of Gpu Computing)},
  publisher = {Morgan Kaufmann},
  year      = {2012},
  author    = {Shane Cook},
  isbn      = {978-0-12-415933-4},
  file      = {:Textbooks/programming/other_languages/cook_cuda.pdf:PDF},
  groups    = {Programming},
  timestamp = {2018-03-17},
  url       = {https://www.amazon.com/CUDA-Programming-Developers-Computing-Applications/dp/0124159338?SubscriptionId=0JYN1NVW651KCA56C102&tag=techkie-20&linkCode=xm2&camp=2025&creative=165953&creativeASIN=0124159338},
}

@Book{Stricker2002,
  title     = {Java programming for C/C++ developers},
  year      = {2002},
  author    = {Stricker, Scott},
  file      = {:Textbooks/programming/other_languages/stricker_java_for_cpp.pdf:PDF},
  timestamp = {2018-03-17},
}

@Book{Hall2010,
  title     = {Effective Perl Programming: Ways to Write Better, More Idiomatic Perl},
  publisher = {Addison-Wesley Professional},
  year      = {2010},
  author    = {Joseph N. Hall and Joshua A. McAdams and brian d foy},
  edition   = {2nd},
  isbn      = {978-0-321-49694-2},
  file      = {:Textbooks/programming/perl/hall_effective_perl.pdf:PDF},
  groups    = {Perl},
  timestamp = {2018-03-17},
  url       = {https://www.amazon.com/Effective-Perl-Programming-Idiomatic-Development/dp/0321496949?SubscriptionId=0JYN1NVW651KCA56C102&tag=techkie-20&linkCode=xm2&camp=2025&creative=165953&creativeASIN=0321496949},
}

@Book{Schwartz2012,
  title     = {Intermediate Perl: Beyond The Basics of Learning Perl},
  publisher = {O'Reilly Media},
  year      = {2012},
  author    = {Randal L. Schwartz and brian d foy and Tom Phoenix},
  edition   = {2nd},
  isbn      = {978-1-449-39309-0},
  file      = {:Textbooks/programming/perl/schwartz_intermediate_perl.pdf:PDF},
  groups    = {Perl},
  timestamp = {2018-03-17},
  url       = {https://www.amazon.com/Intermediate-Perl-Beyond-Basics-Learning/dp/1449393098?SubscriptionId=0JYN1NVW651KCA56C102&tag=techkie-20&linkCode=xm2&camp=2025&creative=165953&creativeASIN=1449393098},
}

@Book{Schwartz2011,
  title     = {Learning Perl},
  publisher = {O'Reilly Media},
  year      = {2011},
  author    = {Randal L. Schwartz and brian d foy and Tom Phoenix},
  edition   = {6th},
  isbn      = {978-1-449-30358-7},
  file      = {:Textbooks/programming/perl/schwartz_learning_perl.pdf:PDF},
  groups    = {Perl},
  timestamp = {2018-03-17},
  url       = {https://www.amazon.com/Learning-Perl-Randal-L-Schwartz/dp/1449303587?SubscriptionId=0JYN1NVW651KCA56C102&tag=techkie-20&linkCode=xm2&camp=2025&creative=165953&creativeASIN=1449303587},
}

@Book{briandfoy2014,
  title     = {Mastering Perl: Creating Professional Programs with Perl},
  publisher = {O'Reilly Media},
  year      = {2014},
  author    = {Foy, Brian D.},
  edition   = {2nd},
  isbn      = {978-1-449-39311-3},
  file      = {:Textbooks/programming/perl/foy_mastering_perl.pdf:PDF},
  groups    = {Perl},
  timestamp = {2018-03-17},
  url       = {https://www.amazon.com/Mastering-Perl-Creating-Professional-Programs/dp/144939311X?SubscriptionId=0JYN1NVW651KCA56C102&tag=techkie-20&linkCode=xm2&camp=2025&creative=165953&creativeASIN=144939311X},
}

@Book{Chromatic2011,
  title     = {Modern Perl},
  publisher = {Onyx Neon Press},
  year      = {2011},
  author    = {Chromatic},
  isbn      = {0-9779201-7-8},
  file      = {:Textbooks/programming/perl/chromatic_modern_perl.pdf:PDF},
  groups    = {Perl},
  timestamp = {2018-03-17},
  url       = {https://www.amazon.com/Modern-Perl-Chromatic/dp/0977920178?SubscriptionId=0JYN1NVW651KCA56C102&tag=techkie-20&linkCode=xm2&camp=2025&creative=165953&creativeASIN=0977920178},
}

@Book{Krumins2013,
  title     = {Perl One-Liners: 130 Programs That Get Things Done},
  publisher = {No Starch Press},
  year      = {2013},
  author    = {Peteris Krumins},
  isbn      = {978-1-59327-520-4},
  file      = {:Textbooks/programming/perl/krumins_perl_one_liners.pdf:PDF},
  groups    = {Perl},
  timestamp = {2018-03-17},
  url       = {https://www.amazon.com/Perl-One-Liners-Programs-That-Things-ebook/dp/B00GS9BZLU?SubscriptionId=0JYN1NVW651KCA56C102&tag=techkie-20&linkCode=xm2&camp=2025&creative=165953&creativeASIN=B00GS9BZLU},
}

@Book{Vromans2011,
  title     = {Perl Pocket Reference: Programming Tools},
  publisher = {O'Reilly Media},
  year      = {2011},
  author    = {Johan Vromans},
  edition   = {5th},
  isbn      = {978-1-449-30370-9},
  file      = {:Textbooks/programming/perl/vromans_perl_pocket_ref.pdf:PDF},
  groups    = {Perl},
  timestamp = {2018-03-17},
  url       = {https://www.amazon.com/Perl-Pocket-Reference-Programming-Tools/dp/1449303706?SubscriptionId=0JYN1NVW651KCA56C102&tag=techkie-20&linkCode=xm2&camp=2025&creative=165953&creativeASIN=1449303706},
}

@Book{Langtangen,
  title     = {Scripting with Perl and Tcl},
  year      = {Unknown},
  author    = {Langtangen, Hans Petter},
  file      = {:Textbooks/programming/perl/langtangen_perl_tcl.pdf:PDF},
  groups    = {Perl},
  timestamp = {2018-03-17},
}

@Book{Christiansen2012,
  title     = {Programming Perl: Unmatched power for text processing and scripting},
  publisher = {O'Reilly Media},
  year      = {2012},
  author    = {Tom Christiansen and brian d foy and Larry Wall and Jon Orwant},
  edition   = {5th},
  isbn      = {978-0-596-00492-7},
  file      = {:Textbooks/programming/perl/christiansen_programming_perl.pdf:PDF},
  groups    = {Perl},
  timestamp = {2018-03-17},
  url       = {https://www.amazon.com/Programming-Perl-Unmatched-processing-scripting/dp/0596004923?SubscriptionId=0JYN1NVW651KCA56C102&tag=techkie-20&linkCode=xm2&camp=2025&creative=165953&creativeASIN=0596004923},
}

@Book{Blank-Edelman2009,
  author    = {David N. Blank-Edelman},
  title     = {Automating System Administration with Perl: Tools to Make You More Efficient},
  year      = {2009},
  edition   = {2nd},
  publisher = {O'Reilly Media},
  isbn      = {978-0-596-00639-6},
  url       = {https://www.amazon.com/Automating-System-Administration-Perl-Efficient/dp/059600639X?SubscriptionId=0JYN1NVW651KCA56C102&tag=techkie-20&linkCode=xm2&camp=2025&creative=165953&creativeASIN=059600639X},
  comment   = {programming/perl/},
  file      = {:Textbooks/programming/perl/blank-edelman_sysadmin_perl.pdf:PDF},
  groups    = {Perl},
  timestamp = {2018-03-17},
}

@Book{Bloomfield2009,
  author    = {Victor Bloomfield},
  title     = {Computer Simulation and Data Analysis in Molecular Biology and Biophysics: An Introduction Using R},
  year      = {2009},
  publisher = {Springer},
  isbn      = {978-1-4419-0084-5},
  url       = {https://www.amazon.com/Computer-Simulation-Analysis-Molecular-Biophysics/dp/1441900845?SubscriptionId=0JYN1NVW651KCA56C102&tag=techkie-20&linkCode=xm2&camp=2025&creative=165953&creativeASIN=1441900845},
  comment   = {programming/r/},
  file      = {:Textbooks/programming/r/bloomfield_comp_biophys_r.pdf:PDF},
  groups    = {R},
  timestamp = {2018-03-17},
}

@Book{Robert2009,
  title     = {Introducing Monte Carlo Methods with R (Use R!)},
  publisher = {Springer Verlag},
  year      = {2009},
  author    = {Christian P. Robert and George Casella},
  isbn      = {978-1-4419-1575-7},
  file      = {:Textbooks/programming/r/robert_monte_carlo_r.pdf:PDF},
  groups    = {R},
  timestamp = {2018-03-17},
  url       = {https://www.amazon.com/Introducing-Monte-Carlo-Methods-Use/dp/1441915753?SubscriptionId=0JYN1NVW651KCA56C102&tag=techkie-20&linkCode=xm2&camp=2025&creative=165953&creativeASIN=1441915753},
}

@Book{Chang2013,
  author    = {Winston Chang},
  title     = {R Graphics Cookbook: Practical Recipes for Visualizing Data},
  year      = {2013},
  publisher = {O'Reilly Media},
  isbn      = {978-1-449-31695-2},
  url       = {https://www.amazon.com/Graphics-Cookbook-Practical-Recipes-Visualizing/dp/1449316956?SubscriptionId=0JYN1NVW651KCA56C102&tag=techkie-20&linkCode=xm2&camp=2025&creative=165953&creativeASIN=1449316956},
  comment   = {programming/r/},
  file      = {:Textbooks/programming/r/chang_r_graphics.pdf:PDF},
  groups    = {R},
  timestamp = {2018-03-17},
}

@Book{Cowpertwait2009,
  title     = {Introductory Time Series with R (Use R!)},
  publisher = {Springer},
  year      = {2009},
  author    = {Paul S.P. Cowpertwait and Andrew V. Metcalfe},
  isbn      = {978-0-387-88697-8},
  file      = {:Textbooks/programming/r/cowpertwait_time_series_r.pdf:PDF},
  groups    = {R},
  timestamp = {2018-03-17},
  url       = {https://www.amazon.com/Introductory-Time-R-Use-ebook/dp/B00HWUXJTK?SubscriptionId=0JYN1NVW651KCA56C102&tag=techkie-20&linkCode=xm2&camp=2025&creative=165953&creativeASIN=B00HWUXJTK},
}

@Book{Crawley2012,
  title     = {The R Book},
  publisher = {Wiley},
  year      = {2012},
  author    = {Michael J. Crawley},
  isbn      = {978-0-470-97392-9},
  file      = {:Textbooks/programming/r/crawley_r_book.pdf:PDF},
  groups    = {R},
  timestamp = {2018-03-17},
  url       = {https://www.amazon.com/R-Book-Michael-J-Crawley/dp/0470973927?SubscriptionId=0JYN1NVW651KCA56C102&tag=techkie-20&linkCode=xm2&camp=2025&creative=165953&creativeASIN=0470973927},
}

@Book{Crawley2014,
  title     = {Statistics: An Introduction Using R},
  publisher = {Wiley},
  year      = {2014},
  author    = {Michael J. Crawley},
  isbn      = {9781118941096},
  file      = {:Textbooks/programming/r/crawley_statistics_r.pdf:PDF},
  groups    = {R},
  timestamp = {2018-03-17},
  url       = {https://www.amazon.com/Statistics-Introduction-Michael-J-Crawley/dp/1118941098?SubscriptionId=0JYN1NVW651KCA56C102&tag=techkie-20&linkCode=xm2&camp=2025&creative=165953&creativeASIN=1118941098},
}

@Book{Dalgaard2008,
  title     = {Introductory Statistics with R},
  publisher = {Springer},
  year      = {2008},
  author    = {Peter Dalgaard},
  isbn      = {978-0-387-79053-4},
  file      = {:Textbooks/programming/r/dalgaard_statistics_r.pdf:PDF},
  groups    = {R},
  timestamp = {2018-03-17},
  url       = {https://www.amazon.com/Introductory-Statistics-R-Computing/dp/0387790535?SubscriptionId=0JYN1NVW651KCA56C102&tag=techkie-20&linkCode=xm2&camp=2025&creative=165953&creativeASIN=0387790535},
}

@Book{Jones2014,
  title     = {Introduction to Scientific Programming and Simulation Using R, Second Edition},
  publisher = {Chapman and Hall/CRC},
  year      = {2014},
  author    = {Owen Jones and Robert Maillardet and Andrew Robinson},
  edition   = {2nd},
  isbn      = {978-1-4665-7001-6},
  file      = {:Textbooks/programming/r/jones_scientific_programming_r.pdf:PDF},
  groups    = {R},
  timestamp = {2018-03-17},
  url       = {https://www.amazon.com/Introduction-Scientific-Programming-Simulation-Chapman-ebook/dp/B00L2EBFZC?SubscriptionId=0JYN1NVW651KCA56C102&tag=techkie-20&linkCode=xm2&camp=2025&creative=165953&creativeASIN=B00L2EBFZC},
}

@Book{Kabacoff2011,
  title     = {R in Action},
  publisher = {Manning Publications},
  year      = {2011},
  author    = {Robert Kabacoff},
  isbn      = {9781935182399},
  file      = {:Textbooks/programming/r/kabacoff_r_action.pdf:PDF},
  groups    = {R},
  timestamp = {2018-03-17},
  url       = {https://www.amazon.com/R-Action-Robert-Kabacoff/dp/1935182390?SubscriptionId=0JYN1NVW651KCA56C102&tag=techkie-20&linkCode=xm2&camp=2025&creative=165953&creativeASIN=1935182390},
}

@Book{Maindonald2010,
  title     = {Data Analysis and Graphics Using R: An Example-Based Approach (Cambridge Series in Statistical and Probabilistic Mathematics)},
  publisher = {Cambridge University Press},
  year      = {2010},
  author    = {John Maindonald and W. John Braun},
  isbn      = {978-0521762939},
  file      = {:Textbooks/programming/r/maindonald_data_analysis_r.pdf:PDF},
  groups    = {R},
  timestamp = {2018-03-17},
  url       = {https://www.amazon.com/Data-Analysis-Graphics-Using-Example-Based/dp/0521762936?SubscriptionId=0JYN1NVW651KCA56C102&tag=techkie-20&linkCode=xm2&camp=2025&creative=165953&creativeASIN=0521762936},
}

@Book{Matloff2009,
  title     = {The Art of R Programming},
  year      = {2009},
  author    = {Matloff, Norman},
  file      = {:Textbooks/programming/r/matloff_art_of_r.pdf:PDF},
  groups    = {R},
  timestamp = {2018-03-17},
}

@Book{Nason2008,
  title     = {Wavelet Methods in Statistics with R},
  publisher = {Springer},
  year      = {2008},
  author    = {Guy Nason},
  isbn      = {978-0-387-75960-9},
  file      = {:Textbooks/programming/r/nason_wavelets_in_r.pdf:PDF},
  groups    = {R},
  timestamp = {2018-03-17},
  url       = {https://www.amazon.com/Wavelet-Methods-Statistics-Use-Nason/dp/0387759603?SubscriptionId=0JYN1NVW651KCA56C102&tag=techkie-20&linkCode=xm2&camp=2025&creative=165953&creativeASIN=0387759603},
}

@Book{Teetor2011,
  title     = {R Cookbook: Proven Recipes for Data Analysis, Statistics, and Graphics},
  publisher = {O'Reilly Media},
  year      = {2011},
  author    = {Paul Teetor},
  isbn      = {978-0-596-80915-7},
  file      = {:Textbooks/programming/r/teetor_r_cookbook.pdf:PDF},
  groups    = {R},
  timestamp = {2018-03-17},
  url       = {https://www.amazon.com/Cookbook-Analysis-Statistics-Graphics-Cookbooks/dp/0596809158?SubscriptionId=0JYN1NVW651KCA56C102&tag=techkie-20&linkCode=xm2&camp=2025&creative=165953&creativeASIN=0596809158},
}

@Book{Ritz2008,
  title     = {Nonlinear Regression with R},
  publisher = {Springer},
  year      = {2008},
  author    = {Christian Ritz and Jens Carl Streibig},
  isbn      = {978-0-387-09615-5},
  file      = {:Textbooks/programming/r/ritz_nonlinear.regression_r.pdf:PDF},
  groups    = {R},
  timestamp = {2018-03-17},
  url       = {https://www.amazon.com/Nonlinear-Regression-R-Use-ebook/dp/B00HWUYZO8?SubscriptionId=0JYN1NVW651KCA56C102&tag=techkie-20&linkCode=xm2&camp=2025&creative=165953&creativeASIN=B00HWUYZO8},
}

@Book{Shumway2010,
  title     = {Time Series Analysis and Its Applications: With R Examples (Springer Texts in Statistics)},
  publisher = {Springer},
  year      = {2010},
  author    = {Robert H. Shumway and David S. Stoffer},
  edition   = {3rd},
  isbn      = {978-1-4419-7864-6},
  file      = {:Textbooks/programming/r/shumway_time_series_r.pdf:PDF},
  groups    = {R},
  timestamp = {2018-03-17},
  url       = {https://www.amazon.com/Time-Analysis-Its-Applications-Statistics/dp/144197864X?SubscriptionId=0JYN1NVW651KCA56C102&tag=techkie-20&linkCode=xm2&camp=2025&creative=165953&creativeASIN=144197864X},
}

@Book{James2017,
  title     = {An Introduction to Statistical Learning: with Applications in R},
  publisher = {Springer},
  year      = {2017},
  author    = {Gareth James and Daniela Witten and Trevor Hastie and Robert Tibshirani},
  isbn      = {978-1-4614-7137-0},
  file      = {:Textbooks/programming/r/james_statistical_learning_r.pdf:PDF},
  groups    = {R},
  timestamp = {2018-03-17},
  url       = {https://www.amazon.com/Introduction-Statistical-Learning-Applications-Statistics/dp/1461471370?SubscriptionId=0JYN1NVW651KCA56C102&tag=techkie-20&linkCode=xm2&camp=2025&creative=165953&creativeASIN=1461471370},
}

@Book{Venables2003,
  author    = {W.N. Venables and B.D. Ripley},
  title     = {Modern Applied Statistics with S},
  year      = {2003},
  publisher = {Springer},
  isbn      = {978-0-387-95457-8},
  url       = {https://www.amazon.com/Modern-Applied-Statistics-Computing/dp/0387954570?SubscriptionId=0JYN1NVW651KCA56C102&tag=techkie-20&linkCode=xm2&camp=2025&creative=165953&creativeASIN=0387954570},
  file      = {:Textbooks/programming/r/venables_statistics_s.pdf:PDF},
  groups    = {R},
  timestamp = {2018-03-17},
}

@Book{Wickham2010,
  title     = {ggplot2: Elegant Graphics for Data Analysis},
  publisher = {Springer},
  year      = {2010},
  author    = {Hadley Wickham},
  isbn      = {978-0-387-98140-6},
  file      = {:Textbooks/programming/r/wickham_ggplot.pdf:PDF},
  groups    = {R},
  timestamp = {2018-03-17},
  url       = {https://www.amazon.com/ggplot2-Elegant-Graphics-Data-Analysis/dp/0387981403?SubscriptionId=0JYN1NVW651KCA56C102&tag=techkie-20&linkCode=xm2&camp=2025&creative=165953&creativeASIN=0387981403},
}

@Book{Wright2009,
  title     = {Modern Regression Techniques Using R: A Practical Guide for Students and Researchers},
  publisher = {SAGE Publications Ltd},
  year      = {2009},
  author    = {Daniel B. Wright and Kamala London},
  isbn      = {978-1-84787-902-8},
  file      = {:Textbooks/programming/r/wright_modern_regression_r.pdf:PDF},
  groups    = {R},
  timestamp = {2018-03-17},
  url       = {https://www.amazon.com/Modern-Regression-Techniques-Using-Researchers/dp/1847879020?SubscriptionId=0JYN1NVW651KCA56C102&tag=techkie-20&linkCode=xm2&camp=2025&creative=165953&creativeASIN=1847879020},
}

@Book{Hunt1999,
  title     = {The Pragmatic Programmer: From Journeyman to Master},
  publisher = {Addison-Wesley Professional},
  year      = {1999},
  author    = {Andrew Hunt and David Thomas},
  isbn      = {0-201-61622-X},
  file      = {:Textbooks/programming/hunt_thomas_pragmatic_programmer.pdf:PDF},
  groups    = {Programming},
  timestamp = {2018-03-17},
  url       = {https://www.amazon.com/Pragmatic-Programmer-Journeyman-Master/dp/020161622X?SubscriptionId=0JYN1NVW651KCA56C102&tag=techkie-20&linkCode=xm2&camp=2025&creative=165953&creativeASIN=020161622X},
}

@Book{Roy2004,
  title     = {Concepts, Techniques, and Models of Computer Programming},
  publisher = {The MIT Press},
  year      = {2004},
  author    = {Peter Van Roy and Seif Haridi},
  isbn      = {0-262-22069-5},
  file      = {:Textbooks/programming/roy_haridi_concepts_techs_models_comp_prog.pdf:PDF},
  groups    = {Programming},
  timestamp = {2018-03-17},
  url       = {https://www.amazon.com/Concepts-Techniques-Models-Computer-Programming/dp/0262220695?SubscriptionId=0JYN1NVW651KCA56C102&tag=techkie-20&linkCode=xm2&camp=2025&creative=165953&creativeASIN=0262220695},
}

@Book{Goldstein2001,
  title     = {Classical Mechanics},
  publisher = {Pearson},
  year      = {2001},
  author    = {Herbert Goldstein and Charles P. Poole Jr. and John L. Safko},
  isbn      = {978-0201657029},
  file      = {:Textbooks/physics/classical/goldstein_class_mech.pdf:PDF},
  groups    = {Classical Physics},
  timestamp = {2018-03-17},
  url       = {https://www.amazon.com/Classical-Mechanics-3rd-Herbert-Goldstein/dp/0201657023?SubscriptionId=0JYN1NVW651KCA56C102&tag=techkie-20&linkCode=xm2&camp=2025&creative=165953&creativeASIN=0201657023},
}

@Book{Jackson1998,
  title     = {Classical Electrodynamics Third Edition},
  publisher = {Wiley},
  year      = {1998},
  author    = {John David Jackson},
  isbn      = {978-0471309321},
  file      = {:Textbooks/physics/classical/jackson_class_elecdyna.pdf:PDF},
  groups    = {Classical Physics},
  timestamp = {2018-03-17},
  url       = {https://www.amazon.com/Classical-Electrodynamics-Third-David-Jackson/dp/047130932X?SubscriptionId=0JYN1NVW651KCA56C102&tag=techkie-20&linkCode=xm2&camp=2025&creative=165953&creativeASIN=047130932X},
}

@Book{Panofsky2005,
  title     = {Classical Electricity and Magnetism: Second Edition (Dover Books on Physics)},
  publisher = {Dover Publications},
  year      = {2005},
  author    = {Wolfgang K. H. Panofsky and Melba Phillips and Physics},
  isbn      = {978-0486439242},
  file      = {:Textbooks/physics/classical/panofsky_classical_elec_mag.pdf:PDF},
  groups    = {Classical Physics},
  timestamp = {2018-03-17},
  url       = {https://www.amazon.com/Classical-Electricity-Magnetism-Second-Physics/dp/0486439240?SubscriptionId=0JYN1NVW651KCA56C102&tag=techkie-20&linkCode=xm2&camp=2025&creative=165953&creativeASIN=0486439240},
}

@Book{Constantinescu1971,
  title     = {Problems in Quantum Mechanics},
  publisher = {Pergamon},
  year      = {1971},
  author    = {F. Constantinescu and E. Magyari},
  isbn      = {978-0080190082},
  file      = {:Textbooks/physics/quantmech/constantinescu_probs_quant.pdf:PDF},
  keywords  = {quant phys},
  timestamp = {2018-03-17},
  url       = {https://www.amazon.com/Problems-Quantum-Mechanics-Monographs-Philosophy/dp/0080190081?SubscriptionId=0JYN1NVW651KCA56C102&tag=techkie-20&linkCode=xm2&camp=2025&creative=165953&creativeASIN=0080190081},
}

@Book{Fluegge1998,
  title     = {Practical Quantum Mechanics},
  publisher = {Springer},
  year      = {1998},
  author    = {Siegfried FlÃ¼gge},
  isbn      = {978-3-540-65035-5},
  file      = {:Textbooks/physics/quantmech/flugge_practical_quant.pdf:PDF},
  keywords  = {quant phys},
  timestamp = {2018-03-17},
  url       = {https://www.amazon.com/Practical-Quantum-Mechanics-Classics-Mathematics/dp/3540650350?SubscriptionId=0JYN1NVW651KCA56C102&tag=techkie-20&linkCode=xm2&camp=2025&creative=165953&creativeASIN=3540650350},
}

@Book{Tannor2006,
  title     = {Introduction to Quantum Mechanics: A Time-Dependent Perspective},
  publisher = {University Science Books},
  year      = {2006},
  author    = {David J. Tannor},
  isbn      = {9781891389238},
  file      = {:Textbooks/physics/quantmech/tannor_time_dep_quant.pdf:PDF},
  keywords  = {quant phys},
  timestamp = {2018-03-17},
  url       = {https://www.amazon.com/Introduction-Quantum-Mechanics-Time-Dependent-Perspective/dp/1891389238?SubscriptionId=0JYN1NVW651KCA56C102&tag=techkie-20&linkCode=xm2&camp=2025&creative=165953&creativeASIN=1891389238},
}

@Book{Sutter1999,
  title     = {Exceptional C++: 47 Engineering Puzzles, Programming Problems, and Solutions},
  publisher = {Addison-Wesley Professional},
  year      = {1999},
  author    = {Herb Sutter},
  isbn      = {978-0201615623},
  file      = {:Textbooks/programming/cpp/sutter_exceptional_cpp.pdf:PDF},
  groups    = {Cpp},
  timestamp = {2018-03-17},
  url       = {https://www.amazon.com/Exceptional-Engineering-Programming-Problems-Solutions/dp/0201615622?SubscriptionId=0JYN1NVW651KCA56C102&tag=techkie-20&linkCode=xm2&camp=2025&creative=165953&creativeASIN=0201615622},
}

@Book{Sutter2004,
  title     = {Exceptional C++ Style: 40 New Engineering Puzzles, Programming Problems, and Solutions},
  publisher = {Addison-Wesley Professional},
  year      = {2004},
  author    = {Herb Sutter},
  isbn      = {978-0201760422},
  file      = {:Textbooks/programming/cpp/sutter_exceptional_cpp_style.pdf:PDF},
  groups    = {Cpp},
  timestamp = {2018-03-17},
  url       = {https://www.amazon.com/Exceptional-Style-Engineering-Programming-Solutions/dp/0201760428?SubscriptionId=0JYN1NVW651KCA56C102&tag=techkie-20&linkCode=xm2&camp=2025&creative=165953&creativeASIN=0201760428},
}

@Book{Conway2005,
  title     = {Perl Best Practices: Standards and Styles for Developing Maintainable Code},
  publisher = {O'Reilly Media},
  year      = {2005},
  author    = {Damian Conway},
  isbn      = {0-596-00173-8},
  file      = {:Textbooks/programming/perl/conway_perl_best_practices.pdf:PDF},
  groups    = {Perl},
  timestamp = {2018-03-17},
  url       = {https://www.amazon.com/Perl-Best-Practices-Developing-Maintainable/dp/0596001738?SubscriptionId=0JYN1NVW651KCA56C102&tag=techkie-20&linkCode=xm2&camp=2025&creative=165953&creativeASIN=0596001738},
}

@Book{Christiansen2003,
  title     = {Perl Cookbook},
  publisher = {O'Reilly Media},
  year      = {2003},
  author    = {Tom Christiansen and Nathan Torkington},
  edition   = {2nd},
  isbn      = {0-596-00313-7},
  file      = {:Textbooks/programming/perl/christiansen_perl_cookbook.pdf:PDF},
  groups    = {Perl},
  timestamp = {2018-03-17},
  url       = {https://www.amazon.com/Perl-Cookbook-Second-Tom-Christiansen/dp/0596003137?SubscriptionId=0JYN1NVW651KCA56C102&tag=techkie-20&linkCode=xm2&camp=2025&creative=165953&creativeASIN=0596003137},
}

@Book{Cormen2009,
  title     = {Introduction to Algorithms},
  publisher = {The MIT Press},
  year      = {2009},
  author    = {Thomas H. Cormen and Charles E. Leiserson and Ronald L. Rivest and Clifford Stein},
  edition   = {3rd},
  isbn      = {9780262033848},
  file      = {:Textbooks/programming/coremen_leiserson_rivest_stein_intro_to_algos.pdf:PDF},
  timestamp = {2018-03-20},
  url       = {https://www.amazon.com/Introduction-Algorithms-3rd-MIT-Press/dp/0262033844?SubscriptionId=0JYN1NVW651KCA56C102&tag=techkie-20&linkCode=xm2&camp=2025&creative=165953&creativeASIN=0262033844},
}

@Book{Knuth1997,
  title     = {The Art of Computer Programming, Vol. 1: Fundamental Algorithms},
  publisher = {Addison-Wesley Professional},
  year      = {1997},
  author    = {Donald E. Knuth},
  edition   = {3rd},
  isbn      = {0201896834},
  file      = {:Textbooks/programming/knuth_art_comp_prog_1.pdf:PDF},
  groups    = {Programming},
  timestamp = {2018-03-20},
  url       = {https://www.amazon.com/Art-Computer-Programming-Vol-Fundamental/dp/0201896834?SubscriptionId=0JYN1NVW651KCA56C102&tag=techkie-20&linkCode=xm2&camp=2025&creative=165953&creativeASIN=0201896834},
}

@Book{Knuth1997a,
  title     = {Art of Computer Programming, Volume 2: Seminumerical Algorithms},
  publisher = {Addison-Wesley Professional},
  year      = {1997},
  author    = {Donald E. Knuth},
  edition   = {3rd},
  isbn      = {0201896842},
  file      = {:Textbooks/programming/knuth_art_comp_prog_2.pdf:PDF},
  groups    = {Programming},
  timestamp = {2018-03-20},
  url       = {https://www.amazon.com/Art-Computer-Programming-Seminumerical-Algorithms/dp/0201896842?SubscriptionId=0JYN1NVW651KCA56C102&tag=techkie-20&linkCode=xm2&camp=2025&creative=165953&creativeASIN=0201896842},
}

@Book{Knuth1998,
  title     = {The Art of Computer Programming: Volume 3: Sorting and Searching},
  publisher = {Addison-Wesley Professional},
  year      = {1998},
  author    = {Donald E. Knuth},
  edition   = {2nd},
  isbn      = {0201896850},
  file      = {:Textbooks/programming/knuth_art_comp_prog_3.pdf:PDF},
  groups    = {Programming},
  timestamp = {2018-03-20},
  url       = {https://www.amazon.com/Art-Computer-Programming-Sorting-Searching/dp/0201896850?SubscriptionId=0JYN1NVW651KCA56C102&tag=techkie-20&linkCode=xm2&camp=2025&creative=165953&creativeASIN=0201896850},
}

@Book{Losh2013,
  title     = {Learn Vimscript the Hard Way},
  year      = {2013},
  author    = {Steve Losh},
  file      = {:Textbooks/programming/other_languages/losh_learn_vim_script.pdf:PDF},
  groups    = {Programming},
  timestamp = {2018-04-20},
}

@Book{Mcconnell2004,
  title     = {Code Complete},
  publisher = {Microsoft Press,U.S.},
  year      = {2004},
  author    = {Mcconnell, Steve},
  isbn      = {0735619670},
  date      = {2004-06-09},
  ean       = {9780735619678},
  file      = {:Textbooks/programming/mcconnell_code_complete.pdf:PDF},
  groups    = {Programming},
  pagetotal = {960},
  timestamp = {2018-05-04},
  url       = {https://www.ebook.de/de/product/3264976/steve_mcconnell_code_complete.html},
}

@Book{Lipovaca2018,
  title     = {Learn You a Haskell for Great Good!},
  publisher = {Random House LCC US},
  year      = {2018},
  author    = {Lipovaca, Miran},
  isbn      = {1593272839},
  date      = {2018-05-11},
  ean       = {9781593272838},
  file      = {:Textbooks/programming/other_languages/lipovaca_learn_haskell.pdf:PDF},
  timestamp = {2018-05-04},
  url       = {https://www.ebook.de/de/product/12448874/miran_lipovaca_learn_you_a_haskell_for_great_good.html},
}

@Book{Metz2012,
  title     = {Practical Object-Oriented Design in Ruby: An Agile Primer},
  publisher = {Addison-Wesley Professional},
  year      = {2012},
  author    = {Sandi Metz},
  isbn      = {978-0321721334},
  file      = {:Textbooks/programming/Metz_OOP_ruby.pdf:PDF},
  timestamp = {2018-05-22},
  url       = {https://www.amazon.com/Practical-Object-Oriented-Design-Ruby-Addison-Wesley/dp/0321721330?SubscriptionId=0JYN1NVW651KCA56C102&tag=techkie-20&linkCode=xm2&camp=2025&creative=165953&creativeASIN=0321721330},
}

@Book{RevCompChemVol28,
  title     = {Reviews in Computational Chemistry},
  publisher = {John Wiley \& Sons Inc},
  year      = {2015},
  editor    = {Parrill, Abby L. Lipkowitz, Kenny B.},
  volume    = {28},
  isbn      = {1118407776},
  date      = {2015-05-04},
  ean       = {9781118407776},
  file      = {:Textbooks/chem/compchem/RevCompChemVol28.pdf:PDF},
  pagetotal = {560},
  timestamp = {2018-09-14},
  url       = {https://www.ebook.de/de/product/21298679/reviews_in_computational_chemistry.html},
}

@Book{Libkowitz2015,
  title     = {Reviews in Computational Chemistry},
  publisher = {John Wiley {\&} Sons},
  year      = {2015},
  editor    = {Kenny B. Lipkowitz and Abby L. Parrill},
  volume    = {28},
  isbn      = {1118407776},
  date      = {2015-05-04},
  ean       = {9781118407776},
  file      = {:Textbooks/chem/compchem/RevCompChemVol28.pdf:PDF},
  keywords  = {comp chem},
  pagetotal = {560},
  timestamp = {2018-10-22},
  url       = {https://www.ebook.de/de/product/21298679/reviews_in_computational_chemistry.html},
}

@Book{Strauss2008,
  title     = {Partial Differential Equations: An Introduction},
  publisher = {John Wiley \& Sons, Ltd.},
  year      = {2008},
  author    = {Walter A. Strauss},
  edition   = {2nd},
  isbn      = {978-0470-05456-7},
  file      = {:Textbooks/math/strauss_pde.pdf:PDF},
  timestamp = {2018-12-13},
}

@Book{Waterman1995,
  title     = {Introduction to Computational Biology: Maps, Sequences and Genomes (Chapman \& Hall/CRC Interdisciplinary Statistics)},
  publisher = {Chapman and Hall/CRC},
  year      = {1995},
  author    = {Michael S. Waterman},
  isbn      = {978-0-412-99391-6},
  file      = {:Textbooks/bioinformatics/waterman_intro_comp_bio.pdf:PDF},
  groups    = {Bioinformatics},
  timestamp = {2019-01-25},
  url       = {https://www.amazon.com/Introduction-Computational-Biology-Interdisciplinary-Statistics-ebook/dp/B07CSXZXV1?SubscriptionId=AKIAIOBINVZYXZQZ2U3A&tag=chimbori05-20&linkCode=xm2&camp=2025&creative=165953&creativeASIN=B07CSXZXV1},
}

@Book{Durbin1998,
  title     = {Biological Sequence Analysis: Probabilistic models of proteins and nucleic acids},
  publisher = {Cambridge University Press},
  year      = {1998},
  author    = {Durbin, Richard and Eddy, Sean R. and Krogh, Anders and Mitchison, Graeme},
  isbn      = {0521629713},
  date      = {1998-04-23},
  ean       = {9780521629713},
  file      = {:Textbooks/bioinformatics/durbin_eddy_krogh_mitchison_bio_seq_analysis.pdf:PDF},
  pagetotal = {370},
  timestamp = {2019-01-25},
  url       = {https://www.ebook.de/de/product/3242471/richard_durbin_sean_r_eddy_anders_krogh_graeme_mitchison_biological_sequence_analysis.html},
}

@Book{Oxtoby2011,
  title     = {Principles of Modern Chemistry},
  publisher = {Cengage Learning},
  year      = {2011},
  author    = {David W. Oxtoby and H. Pat Gillis and Alan Campion},
  isbn      = {978-0-8400-4931-5},
  file      = {:Textbooks/chem/general/oxtoby_modern_chem.pdf:PDF},
  timestamp = {2019-02-21},
  url       = {https://www.amazon.com/Principles-Modern-Chemistry-David-Oxtoby/dp/0840049315?SubscriptionId=AKIAIOBINVZYXZQZ2U3A&tag=chimbori05-20&linkCode=xm2&camp=2025&creative=165953&creativeASIN=0840049315},
}

@Book{Bryant2010,
  author    = {Randal E. Bryant and David R. O'Hallaron},
  title     = {Computer Systems: A Programmer's Perspective},
  year      = {2010},
  edition   = {2nd},
  publisher = {Pearson},
  isbn      = {978-0-13-610804-7},
  url       = {https://www.amazon.com/Computer-Systems-Programmers-Perspective-2nd/dp/0136108040?SubscriptionId=AKIAIOBINVZYXZQZ2U3A&tag=chimbori05-20&linkCode=xm2&camp=2025&creative=165953&creativeASIN=0136108040},
  comment   = {computing/},
  file      = {:Textbooks/computing/bryant_computer_systems.pdf:PDF},
  timestamp = {2019-02-21},
}

@Book{Tufte1998,
  author    = {Edward Rolf Tufte},
  title     = {{E}nvisioning {I}nformation},
  year      = {1998},
  publisher = {Graphics Press},
  file      = {:Textbooks/writing/tufte_envision_info.pdf:PDF},
  groups    = {Formatting and Figures},
  timestamp = {2019-04-08},
}

@Book{Tufte2001,
  author    = {Edward Rolf Tufte},
  title     = {{T}he {D}isplay of {Q}uantitative {I}nformation},
  year      = {2001},
  edition   = {2nd},
  publisher = {Graphics Press},
  file      = {:Textbooks/writing/tufte_display_quant_info.pdf:PDF},
  groups    = {Formatting and Figures},
  timestamp = {2019-04-08},
}

@Book{Lester2015,
  title     = {Writing Research Papers: A Complete Guide},
  publisher = {Pearson Education Limited},
  year      = {2014},
  author    = {Lester, James D. and James D. Lester},
  edition   = {15th},
  isbn      = {1292076895},
  date      = {2015},
  ean       = {9781292076898},
  file      = {:/Users/mvarga/Google Drive/Libraries/Textbooks/writing/lester_write_research_papers.pdf:PDF},
  pagetotal = {416},
  timestamp = {2019-04-08},
}

@Book{Pinker2014,
  title     = {The Sense of Style: The Thinking Person's Guide to Writing in the 21st Century},
  publisher = {VIKING HARDCOVER},
  year      = {2014},
  author    = {Pinker, Steven},
  isbn      = {0670025852},
  date      = {2014-09-30},
  ean       = {9780670025855},
  file      = {:/Users/mvarga/Google Drive/Libraries/Textbooks/writing/pinker_sense_of_style.pdf:PDF},
  pagetotal = {359},
  timestamp = {2019-04-08},
  url       = {https://www.ebook.de/de/product/22142708/steven_pinker_the_sense_of_style_the_thinking_person_s_guide_to_writing_in_the_21st_century.html},
}

@Book{Strunk1999,
  author    = {Strunk, William and E.B. White},
  title     = {The Elements of Style},
  year      = {1999},
  edition   = {4th},
  publisher = {Pearson},
  isbn      = {9780205309023},
  url       = {https://www.amazon.com/Elements-Style-William-White-Strunk/dp/B000KW42KM?SubscriptionId=AKIAIOBINVZYXZQZ2U3A&tag=chimbori05-20&linkCode=xm2&camp=2025&creative=165953&creativeASIN=B000KW42KM},
  file      = {:Textbooks/writing/strunk_elements_style.pdf:PDF},
  timestamp = {2019-04-08},
}

@Book{Leszczynski2012,
  title     = {Practical Aspects of Computational Chemistry II: An Overview of the Last Two Decades and Current Trends},
  publisher = {Springer},
  year      = {2012},
  editor    = {Jerzy Leszczynski and Manoj K. Shukla},
  isbn      = {978-94-007-0922-5},
  file      = {:/Users/mvarga/Google Drive/Libraries/Textbooks/chem/compchem/practical_comp_chem_2.pdf:PDF},
  url       = {https://www.amazon.com/Practical-Aspects-Computational-Chemistry-II/dp/9400709226?SubscriptionId=AKIAIOBINVZYXZQZ2U3A&tag=chimbori05-20&linkCode=xm2&camp=2025&creative=165953&creativeASIN=9400709226},
}

@Book{Oprea1996,
  title     = {Differential Geometry and Its Applications},
  publisher = {Prentice Hall College Div},
  year      = {1996},
  author    = {John Oprea},
  isbn      = {0-13-340738-1},
  file      = {:Textbooks/math/oprea_diff_geom.pdf:PDF},
  url       = {https://www.amazon.com/Differential-Geometry-Applications-John-Oprea/dp/0133407381?SubscriptionId=AKIAIOBINVZYXZQZ2U3A&tag=chimbori05-20&linkCode=xm2&camp=2025&creative=165953&creativeASIN=0133407381},
}

@Unpublished{Handel2016,
  author = {Ramon van Handel},
  title  = {Probability and Random Processes},
  year   = {2016},
  note   = {Notes for ORF 309/MAT 380 classes at Princeton University},
  file   = {:Textbooks/physics/mathphys/handel_prob_rand_proc.pdf:PDF},
}

@Unpublished{Ahmadi2017,
  author  = {Amir Ali Ahmadi},
  title   = {Computing and Optimization},
  year    = {2017},
  note    = {Lecture notes for ORF 363/COS 323 at Princeton University},
  comment = {computing/},
  file    = {:Textbooks/computing/ahmadi_comp_opt.pdf:PDF},
}

@Book{Ito1996,
  title     = {Diffusion Processes and their Sample Paths},
  publisher = {Springer},
  year      = {1996},
  author    = {Kiyosi Ito and H.P. McKean Jr.},
  isbn      = {3-540-03302-5},
  file      = {:Textbooks/physics/statmech/ito_diffusion.pdf:PDF},
  url       = {https://www.amazon.com/Diffusion-Processes-Grundlehren-mathematischen-Wissenschaften/dp/3540033025?SubscriptionId=AKIAIOBINVZYXZQZ2U3A&tag=chimbori05-20&linkCode=xm2&camp=2025&creative=165953&creativeASIN=3540033025},
}

@Manual{ACS1998,
  author  = {ACS},
  editor  = {Lucy T. Eubanks and I. Dwaine Eubanks},
  title   = {Preparing for your ACS Examination in General Chemistry},
  year    = {1998},
  edition = {1st},
  comment = {chem/acs_guides},
  file    = {:Textbooks/chem/acs_guides/acs_gen_chem_study_guide_1st_ed.pdf:PDF},
}

@Manual{ACS2002,
  author  = {ACS},
  title   = {Preparing for your ACS Examination in Organic Chemistry},
  year    = {2002},
  edition = {1st},
  comment = {chem/acs_guides},
  file    = {:Textbooks/chem/acs_guides/acs_org_chem_study_guide_1st_ed.pdf:PDF},
}

@Book{9780470462720,
  author    = {Mokhtar S. Bazaraa and John J. Jarvis and Hanif D. Sherali},
  title     = {Linear Programming and Network Flows},
  year      = {2009},
  publisher = {Wiley},
  isbn      = {978-0-470-46272-0},
  url       = {https://www.amazon.com/Linear-Programming-Network-Mokhtar-Bazaraa/dp/0470462728?SubscriptionId=AKIAIOBINVZYXZQZ2U3A&tag=chimbori05-20&linkCode=xm2&camp=2025&creative=165953&creativeASIN=0470462728},
  file      = {:Textbooks/networks/bazaraa_linear_program_networks.pdf:PDF},
}

@Book{Rice2007,
  author    = {John A. Rice},
  title     = {Mathematical Statistics and Data Analysis},
  year      = {2007},
  edition   = {3rd},
  publisher = {Thompson Higher Education},
  isbn      = {0-534-39942-8},
  file      = {:Textbooks/math/stats/rice_math_stats_data_analysis.pdf:PDF},
}

@Book{Miller2014,
  author    = {Irwin Miller and Marylees Miller},
  title     = {John E. Freund's Mathematical Statistics},
  year      = {2014},
  edition   = {8th},
  publisher = {Pearson Education Limited},
  isbn      = {978-1-292-02500-1},
  file      = {:Textbooks/math/stats/miller_miller_math_stats.pdf:PDF},
}

@Book{Rubinstein2017,
  author    = {Reuven Y. Rubinstein and Dirk P. Kroese},
  title     = {Simulation and the Monte Carlo Method},
  year      = {2017},
  edition   = {3rd},
  publisher = {John Wiley \& Sons},
  file      = {:Textbooks/computing/simulation/rubinstein_kroese_simul_mc.pdf:PDF},
}

@Book{0201543443,
  author    = {Steven H. Strogatz},
  title     = {Nonlinear Dynamics And Chaos: With Applications To Physics, Biology, Chemistry And Engineering},
  year      = {1994},
  publisher = {CRC Press},
  isbn      = {0201543443},
  url       = {https://www.amazon.com/Nonlinear-Dynamics-Chaos-Applications-Nonlinearity/dp/0201543443?SubscriptionId=AKIAIOBINVZYXZQZ2U3A&tag=chimbori05-20&linkCode=xm2&camp=2025&creative=165953&creativeASIN=0201543443},
  file      = {:Textbooks/math/strogatz_nonlinear_dyna.pdf:PDF},
}

@Book{Eijkhout2016,
  author  = {Victor Eijkhout and Edmond Chow and Robert van de Geijn},
  title   = {Introduction to High Performance Scientific Computing},
  year    = {2016},
  edition = {2nd},
  file    = {:Textbooks/computing/eijkhout_intro_hpc.pdf:PDF},
}

@Book{Dongarra2003,
  author    = {Jack Dongarra and Ian Foster and Geoffrey Fox and William Gropp and Ken Kennedy and Linda Torczon and Andy White},
  title     = {Sourcebook of Parallel Computing},
  year      = {2003},
  publisher = {Elsevier Science},
  file      = {:Textbooks/computing/dongarra_sourcebook_parr_comput.pdf:PDF},
}

@Book{Alon2007,
  author    = {Uri Alon},
  title     = {An Introduction to Systems Biology: Design Principles of Biological Circuits},
  year      = {2007},
  date      = {2007},
  series    = {Chapman \& Hall/CRC Mathematical and Computational Biology Series},
  publisher = {CRC Press},
  isbn      = {978-1-58488-642-6},
  file      = {:Textbooks/bioinformatics/alon_systems_bio.pdf:PDF},
}

@Book{Blossey2006,
  author    = {Ralf Blossey},
  title     = {Computational Biology: A Statistical Mechanics Perspective},
  year      = {2006},
  date      = {2006},
  series    = {Chapman \& Hall/CRC Mathematical and Computational Biology Series},
  publisher = {CRC Press},
  isbn      = {978-0978-58488-556-6},
  file      = {:Textbooks/bioinformatics/blossey_comp_bio_stat_mech.pdf:PDF},
}

@Book{Wilkinson2012,
  author    = {Darren J. Wilkinson},
  title     = {Stochastic Modelling for Systems Biology},
  year      = {2012},
  date      = {2012},
  series    = {Chapman \& Hall/CRC Mathematical and Computational Biology Series},
  publisher = {CRC Press},
  isbn      = {978-1-4398-3776-4},
  file      = {:Textbooks/bioinformatics/wilkinson_stoch_model_systems_bio.pdf:PDF},
}

@Book{2006,
  title     = {Normal Mode Analysis: Theory and Applications to Biological and Chemical Systems},
  year      = {2006},
  date      = {2006},
  editor    = {Qiang Cui and Ivent Bahar},
  series    = {Chapman \& Hall/CRC Mathematical and Computational Biology Series},
  publisher = {CRC Press},
  isbn      = {978-1-58488-472-9},
  file      = {:Textbooks/bioinformatics/cui_bahar_normal_mode_comp_bio.pdf:PDF},
}

@Book{Jurisica2006,
  author    = {Igor Jurisica and Dennis Wigle},
  title     = {Knowledge Discovery in Proteomics},
  year      = {2006},
  date      = {2006},
  series    = {CHAPMAN \& HALL/CRC Mathematical Biology and Medicine Series},
  publisher = {Chapman \& Hall/CRC},
  isbn      = {978-1-58488-439-2},
  file      = {:Textbooks/bioinformatics/jurisica_wigle_proteomics.pdf:PDF},
}

@Book{Jones2009,
  author    = {D.S. Jones and M.J. Plank and B.D. Sleeman},
  title     = {Differential Equations and Mathematical Biology},
  year      = {2009},
  date      = {2009},
  series    = {Chapman \& Hall/CRC Mathematical and Computational Biology Series},
  publisher = {Chapman \& Hall/CRC},
  isbn      = {978-1-4200-8358-3},
  file      = {:Textbooks/bioinformatics/jones_diff_eq_comp_bio.pdf:PDF},
}

@Book{Stockwell2007,
  author    = {David Stockwell},
  title     = {Niche Modeling: Predictions from Statistical Distributions},
  year      = {2007},
  date      = {2007},
  series    = {Chapman \& Hall/CRC Mathematical and Computational Biology Series},
  publisher = {Chapman \& Hall/CRC},
  isbn      = {1â58488â494â0},
  file      = {:Textbooks/bioinformatics/stockwell_niche_modelling.pdf:PDF},
}

@Book{Valiente2009,
  author    = {Gabriel Valiente},
  title     = {Combinatorial Pattern Matching Algorithms in Computational Biology Using Perl and R},
  year      = {2009},
  date      = {2009},
  series    = {Chapman \& Hall/CRC Mathematical and Computational Biology Series},
  publisher = {Chapman \& Hall/CRC},
  isbn      = {978â1â4200â6973â0},
  file      = {:Textbooks/bioinformatics/valiente_comb_pattern_algo.pdf:PDF},
}

@Book{Parida2008,
  author    = {Laxmi Parida},
  title     = {Pattern Discovery in Bioinformatics: Theory \& Algorithms},
  year      = {2008},
  date      = {2008},
  series    = {Chapman \& Hall/CRC Mathematical and Computational Biology Series},
  publisher = {Chapman \& Hall/CRC},
  isbn      = {978â1â58488â549â8},
  file      = {:Textbooks/bioinformatics/parida_pattern_discov.pdf:PDF},
}

@Book{Demin2009,
  author    = {Oleg Demin and Igor Goryanin},
  title     = {Kinetic Modelling in Systems Biology},
  year      = {2009},
  date      = {2009},
  series    = {Chapman \& Hall/CRC Mathematical and Computational Biology Series},
  publisher = {Chapman \& Hall/CRC},
  isbn      = {978â1â58488â667â9},
  file      = {:Textbooks/bioinformatics/demin_goryanin_kin_modelling_sys_bio.pdf:PDF},
}

@Book{Ye2008,
  author    = {Shui Qing Ye},
  title     = {Bioinformatics: A Practical Approach},
  year      = {2008},
  date      = {2008},
  series    = {Chapman \& Hall/CRC Mathematical and Computational Biology Series},
  publisher = {Chapman \& Hall/CRC},
  isbn      = {978â1â58488â810â9},
  file      = {:Textbooks/bioinformatics/ye_bioinfo.pdf:PDF},
}

@Book{Kessel2011,
  author    = {Amin Kessel and Nir Ben-Tal},
  title     = {Introduction to Proteins: Structure, Function, and Motion},
  year      = {2011},
  date      = {2011},
  series    = {Chapman \& Hall/CRC Mathematical and Computational Biology Series},
  publisher = {CRC Press},
  isbn      = {978-1-4398-1072-9},
  file      = {:Textbooks/biochem/kessel_ben-tal_intro_proteins.pdf:PDF},
}

@Book{Lamm2011,
  author    = {Ehud Lamm and Ron Unger},
  title     = {Biological Computation},
  year      = {2011},
  date      = {2011},
  series    = {Chapman \& Hall/CRC Mathematical and Computational Biology Series},
  publisher = {CRC Press},
  isbn      = {978-1-4200-8796-3},
  file      = {:Textbooks/bioinformatics/lamm_unger_bio_comp.pdf:PDF},
}

@Book{Burkowski2009,
  author    = {Forbes J. Burkowski},
  title     = {Structural Bioinformatics: An Algorithmic Approach},
  year      = {2009},
  date      = {2009},
  series    = {Chapman \& Hall/CRC Mathematical and Computational Biology Series},
  publisher = {CRC Press},
  isbn      = {978-1-4200-1179-1},
  file      = {:Textbooks/bioinformatics/burkowski_struct_bioinfo.pdf:PDF},
}

@Book{MacCuish2011,
  author    = {John D. MacCuish and Norah E. MacCuish},
  title     = {Clustering in Bioinformatics and Drug Discovery},
  year      = {2011},
  date      = {2011},
  series    = {Chapman \& Hall/CRC Mathematical and Computational Biology Series},
  publisher = {CRC Press},
  isbn      = {978-1-4398-1678-3},
  file      = {:Textbooks/bioinformatics/maccuish_clustering_bioinfo.pdf:PDF},
}

@Book{Gollery2008,
  author    = {Martin Gollery},
  title     = {Handbook of Hidden Markov Models in Bioinformatics},
  year      = {2008},
  date      = {2008},
  series    = {Chapman \& Hall/CRC Mathematical and Computational Biology Series},
  publisher = {Chapman \& Hall/CRC},
  isbn      = {978-1-58488-684-6},
  file      = {:Textbooks/bioinformatics/gollery_hidden_markov_bioinfo.pdf:PDF},
}

@Book{Yona2011,
  author    = {Golan Yona},
  title     = {Introduction to Computational Proteomics},
  year      = {2011},
  date      = {2011},
  series    = {Chapman \& Hall/CRC Mathematical and Computational Biology Series},
  publisher = {Chapman \& Hall/CRC},
  isbn      = {978-1-4200-1077-0},
  file      = {:Textbooks/bioinformatics/yona_intro_proteomics.pdf:PDF},
}

@Book{Sung2010,
  author    = {Wing-Kin Sung},
  title     = {Algorithms in Bioinformatics: A Practical Introduction},
  year      = {2010},
  date      = {2010},
  series    = {Chapman \& Hall/CRC Mathematical and Computational Biology Series},
  publisher = {Chapman \& Hall/CRC},
  isbn      = {978-1-4200-7033-0},
  file      = {:Textbooks/bioinformatics/sung_algo_bioinfo.pdf:PDF},
}

@Book{Raval2013,
  author    = {Alpan Raval and Animesh Ray},
  title     = {Introduction to Biological Networks},
  year      = {2013},
  date      = {2013},
  series    = {Chapman \& Hall/CRC Mathematical and Computational Biology Series},
  publisher = {CRC Press},
  isbn      = {978-1-4200-1036-7},
  file      = {:Textbooks/networks/raval_intro_bio_networks.pdf:PDF},
}

@Book{Mazza2014,
  author    = {Christian Mazza and Michael Bena\"{\i}m},
  title     = {Stochastic Dynamics for Systems Biology},
  year      = {2014},
  date      = {2014},
  series    = {Chapman \& Hall/CRC Mathematical and Computational Biology Series},
  publisher = {CRC Press},
  isbn      = {978-1-4665-1494-2},
  file      = {:Textbooks/bioinformatics/mazza_stoch_dyna_sys_bio.pdf:PDF},
}

@Book{Burkowski2015,
  author    = {Forbes J. Burkowski},
  title     = {Computational and Visualization Techniques for Structural Bioinformatics Using Chimera},
  year      = {2015},
  date      = {2015},
  series    = {Chapman \& Hall/CRC Mathematical and Computational Biology Series},
  publisher = {CRC Press},
  isbn      = {978-1-4398-3662-0},
  file      = {:Textbooks/writing/burkowski_vizualization_chimera.pdf:PDF},
}

@Book{Via2014,
  author    = {Allegra Via and Kristian Rother and Anna Tramontano},
  title     = {Managing Your Biological Data with Python},
  year      = {2014},
  date      = {2014},
  series    = {Chapman \& Hall/CRC Mathematical and Computational Biology Series},
  publisher = {CRC Press},
  isbn      = {978-1-4398-8094-4},
  file      = {:Textbooks/bioinformatics/via_bio_data_python.pdf:PDF},
}

@Book{Sung2017,
  author    = {Wing-Kin Sung},
  title     = {Algorithms For Next-generation Sequencing},
  year      = {2017},
  date      = {2017},
  series    = {Chapman \& Hall/CRC Mathematical and Computational Biology Series},
  publisher = {CRC Press},
  isbn      = {978-1-4665-6550-0},
  file      = {:Textbooks/bioinformatics/sung_algo_ngs.pdf:PDF},
}

@Book{Broom2013,
  author    = {Mark Broom and Jan Rycht\'{a}\v{r}},
  title     = {Game--Theoretical Models in Biology},
  year      = {2013},
  date      = {2013},
  series    = {Chapman \& Hall/CRC Mathematical and Computational Biology Series},
  publisher = {CRC Press},
  isbn      = {978-1-4398-5322-1},
  file      = {:Textbooks/bioinformatics/broom_rychtar_game-theory_bio.pdf:PDF},
}

@Book{Chen2014,
  title     = {Bayesian Phylogenetics: Methods, Algorithms, And Applications},
  year      = {2014},
  date      = {2014},
  editor    = {Ming-Hui Chen and Lynn Kuo and Paul O. Lewis},
  series    = {Chapman \& Hall/CRC Mathematical and Computational Biology Series},
  publisher = {CRC Press},
  isbn      = {978-1-4665-0082-2},
  file      = {:Textbooks/bioinformatics/chen_bayes_phylo.pdf:PDF},
}

@Book{Bassi2018,
  author    = {Sebastian Bassi},
  title     = {Python For Bioinformatics},
  year      = {2018},
  date      = {2018},
  series    = {Chapman \& Hall/CRC Mathematical and Computational Biology Series},
  publisher = {CRC Press},
  isbn      = {978-1-1380-3526-3},
  file      = {:Textbooks/bioinformatics/bassi_python_bioinfo.pdf:PDF},
}

@Book{Wall2013,
  title     = {Quantitative Biology: From Molecular to Cellular Systems},
  year      = {2013},
  date      = {2013},
  editor    = {Michael E. Wall},
  series    = {Chapman \& Hall/CRC Mathematical and Computational Biology Series},
  publisher = {CRC Press},
  isbn      = {978-1-4398-2723-9},
  file      = {:Textbooks/biochem/wall_quant_bio.pdf:PDF},
}

@Book{Moses2017,
  author    = {Alan E. Moses},
  title     = {Statistical Modeling and Machine Learning for Molecular Biology},
  year      = {2017},
  date      = {2017},
  series    = {Chapman \& Hall/CRC Mathematical and Computational Biology Series},
  publisher = {CRC Press},
  isbn      = {978-1-4822-5859-2},
  file      = {:Textbooks/bioinformatics/moses_machine_learning_mol_bio.pdf:PDF},
}

@Comment{jabref-meta: databaseType:biblatex;}

@Comment{jabref-meta: fileDirectory:/Users/mvarga/Google Drive/Libraries;}
